2946 4602
668 239 708 302 23

159 424 206 464 um
241 408 322 465 nobis
358 407 556 480 disputandum
597 410 649 478 est,
691 409 739 481 qui
773 410 944 482 praefectum
967 411 1216 469 administrationis

161 502 212 566 τὸν
238 502 288 564 ἐπὶ
318 508 358 586 τῆ
386 501 527 583 διοικήσει
557 509 589 565 ut
609 509 638 566 iu
661 509 755 566 titulis
777 509 895 568 vocatur
917 509 1003 568 etiam
1025 505 1138 584 ταμίαν
1159 511 1216 586 τῆς

159 608 259 682 κοινῆς
280 601 435 686 προσόδου
456 607 597 666 audivisse
626 609 768 667 contendit
795 607 833 686 (p.
857 605 931 682 222)
953 609 1047 682 itaque
1067 611 1216 684 magistra-

159 710 220 766 tum
234 707 412 782 significavit,
426 707 456 764 id
470 707 544 780 quod
558 709 622 780 post
635 709 806 768 Boeckhium
818 710 855 767 ad
869 727 954 768 unum
968 726 1063 768 omnes
1077 710 1130 768 viri
1144 710 1218 768 docti

161 809 211 866 aut
218 808 390 896 repetierunt
404 807 454 866 aut
466 807 546 865 taciti
560 810 765 870 concesserunt.
770 807 793 886 ¹)
822 811 902 880 Quod
916 827 1000 884 quarn
1014 826 1141 883 perverse
1151 827 1217 884 ege·

160 908 218 965 rint
232 907 325 981 paullo
339 909 452 966 uberius
468 907 631 980 explanabo.
660 910 753 968 Locus
767 911 840 968 unde
854 911 903 968 illa
925 910 1092 984 significatio
1113 911 1218 984 petitur

161 1007 238 1066 solus
271 1009 314 1067 est
342 1008 447 1066 deonoti
473 1025 490 1065 a
517 1007 654 1068 Stratoole
682 1010 783 1082 rogati,
818 1011 901 1084 quale
934 1012 1009 1084 apud
1035 1009 1216 1069 Plutarchum

159 1107 274 1182 legitur,
296 1125 362 1166 nam
387 1109 473 1167 verba
503 1105 616 1184 ταμίας
643 1103 699 1188 μὰρ
724 1105 846 1186 ἐγένετο,
873 1111 996 1183 quaein
1016 1111 1075 1170 vita
1096 1111 1218 1185 Lycurgi

161 1209 349 1279 inveniuntur,
379 1209 477 1281 postea
505 1225 539 1268 ex
575 1209 686 1268 decreto
714 1210 854 1268 translata
881 1226 944 1268 esse
972 1211 1108 1284 probasse
1137 1211 1217 1269 nobis

162 1309 295 1366 uidemur.
338 1309 399 1366 Iam
426 1308 622 1368 demonstrabo
645 1312 828 1383 campartem
849 1311 953 1369 decreti
975 1311 1010 1369 de
1030 1327 1087 1383 qua
1108 1300 1217 1384 agimus

146 1425 221 1466 non
241 1423 342 1482 magna
362 1425 425 1466 esse
446 1409 620 1468 auctoritate.

262 1508 296 1564 In
317 1508 410 1566 verbis
432 1525 504 1580 quae
522 1510 634 1567 exstant
654 1505 702 1564 aul
729 1501 881 1585 γενόμενος
902 1510 959 1586 τῆς
979 1511 1079 1587 κοινῆς
1100 1503 1216 1589 προσό-

70 1645 73 1650 -
163 1604 219 1664 δου
241 1602 354 1682 ταμίας
375 1609 415 1687 τῇ
444 1599 524 1664 πόλει
554 1604 602 1664 ἐπὶ
632 1612 711 1686 τρεῖς
732 1605 965 1688 πενταετηρίδας
994 1607 1042 1666 καὶ
1067 1590 1220 1685 διανείμας

162 1704 195 1764 ἐκ
217 1707 274 1783 τῆς
294 1710 393 1784 κοινῆς
416 1703 570 1787 προσόδου
592 1700 689 1788 μόρια
710 1705 758 1764 καὶ
781 1703 988 1786 ὀκτακισχίλια
1009 1706 1057 1766 καὶ
1081 1702 1220 1768 ἐνακόσια

162 1799 298 1864 τάλαντα
326 1809 470 1867 offendunt
498 1809 582 1866 haec:
618 1809 734 1881 primum
758 1810 833 1881 quod
853 1826 939 1883 paruo
960 1809 1109 1868 intervallo
1131 1811 1219 1869 inter·

161 1908 255 1981 posito
282 1909 419 1981 repetitur
447 1910 503 1984 τῆς
530 1908 630 1984 κοινῆς
656 1903 826 1988 προσόδου,
856 1908 1005 1967 molestum
1039 1905 1124 1984 est2),
1159 1912 1220 1968 turn

162 2007 277 2066 verbum
299 2004 452 2083 διανείμας
479 2010 513 2067 de
539 2009 690 2081 praefectis
712 2009 891 2081 pecuniarum
922 2010 1108 2068 theoricarum
1129 2010 1219 2068 usita-

162 2110 224 2166 turn
250 2125 307 2166 uon
333 2109 403 2166 satis
431 2109 528 2181 aptum
555 2104 707 2182 uideturss),
738 2109 836 2168 deinde
866 2126 1011 2168 numerum
1037 2110 1175 2168 talentum
1203 2127 1220 2168 a

163 2209 292 2283 Lycurgo
322 2209 581 2284 administratorum
607 2209 662 2266 fide
686 2225 780 2268 carere
808 2210 884 2267 infra
909 2210 1072 2281 videbimus,
1100 2211 1220 2284 denique

264 2369 290 2435 1)
306 2367 335 2420 E.
352 2385 378 2437 g.
395 2369 443 2422 hos
459 2368 556 2422 adfero:
575 2368 743 2432 Sohoemann,
760 2369 799 2423 De
816 2369 927 2423 comitiis
934 2369 1027 2424 Athen.
1035 2387 1060 2438 p.
1078 2371 1135 2425 316.
1167 2369 1220 2422 An-

163 2450 263 2520 tiquitt.
280 2451 344 2504 iuris
359 2451 431 2519 publ
448 2453 492 2506 Gr.
510 2453 560 2506 249
577 2469 613 2520 sq.
631 2451 675 2507 Gr.
692 2451 736 2504 A?
751 2451 765 2503 1
781 2451 838 2504 444.
857 2451 885 2506 0.
903 2451 932 2503 F.
949 2451 1089 2514 Hermann,
1106 2451 1150 2506 Gr.
1167 2451 1220 2504 An-

163 2532 262 2601 tiquitt.
279 2532 305 2584 1Β
321 2535 344 2600 ξ.
364 2535 418 2596 151,
436 2535 474 2589 16.
491 2533 522 2586 A.
540 2533 666 2596 Sohaefeu
683 2533 715 2588 D.
733 2551 758 2586 u.
776 2551 796 2586 s.
813 2550 834 2588 z.
850 2533 871 2596 I,
892 2535 946 2587 175.
990 2533 1018 2588 C.
1036 2533 1149 2596 Curtius,
1166 2534 1220 2587 Das

163 2615 282 2668 Metroon
297 2614 326 2666 in
342 2615 429 2668 Athen
447 2615 485 2668 als
502 2614 680 2670 stcatsarchiv.
714 2615 796 2671 Berol.
809 2616 874 2669 1868
890 2633 915 2683 p.
934 2615 968 2670 20
984 2632 1008 2669 n.
1030 2615 1084 2670 150.
1118 2615 1151 2667 H.
1161 2614 1220 2668 Gel-

163 2713 213 2759 σου,
229 2697 257 2748 in
273 2696 394 2750 Bmsiani
406 2695 595 2764 jahresberioht
613 2698 678 2752 1873
695 2696 722 2749 11
738 2715 763 2766 p.
784 2699 857 2752 1075:
875 2693 1164 2764 ‚arapelarrieistauch
1179 2695 1221 2750 fiir

163 2778 214 2832 den
231 2778 484 2833 oberschatzmeister
499 2779 607 2833 niemals
623 2779 753 2833 officieller
769 2779 836 2832 titel.
870 2777 954 2832 dieser
969 2778 1052 2832 heisst
1068 2777 1220 2832 urlurndlich

163 2877 214 2916 nur
230 2866 323 2929 ταμίας
340 2867 384 2926 τῆς
400 2867 487 2926 κοινῆς
503 2857 637 2932 προσόδου
657 2860 718 2914 odel·
737 2863 752 2914 ό
770 2863 813 2913 ἐπὶ
830 2866 862 2931 τῇ
879 2857 1027 2926 διοικήσει“.
1045 2860 1074 2914 C.
1092 2861 1123 2914 A.
1140 2860 1218 2924 Hillo,

163 2945 204 2997 De
220 2942 309 2997 scribis
324 2943 522 2998 Atheniensium
537 2942 654 3012 publicis,
670 2942 967 3012 in‚,Leipzigerstudien
978 2959 1024 2996 zur
1033 2942 1221 3012 class.philol.“

162 3025 178 3078 I
195 3025 260 3080 1818
275 3043 300 3093 p.
317 3026 368 3080 233
383 3024 566 3093 magistratum
583 3022 740 3093 ἐαιμείητῆν
756 3031 800 3091 τῆς
818 3022 964 3090 διοικήσεως
980 3025 1088 3080 vocavit.

264 3108 291 3175 2)
310 3106 424 3170 Accedit,
448 3106 515 3176 quod
534 3123 581 3176 pro
602 3123 708 3161 numero
731 3106 858 3176 singulari
878 3103 966 3175 aptius
988 3107 1136 3162 conlocatus
1152 3110 1221 3163 esset

163 3188 274 3258 pluralis
290 3195 346 3240 τῶν
362 3195 460 3240 κοινῶν
475 3186 626 3259 προσόδων.

263 3273 292 3339 3)
308 3270 466 3338 Legitimum
487 3270 593 3324 verbum
613 3270 644 3324 de
666 3271 782 3340 pecuniis
803 3271 913 3340 publicis
930 3271 1007 3326 certis
1023 3271 1221 3341 magistratibus

163 3352 206 3407 vel
241 3352 402 3407 curatoribus
430 3352 618 3422 dispensandis,
649 3351 677 3405 id
703 3353 770 3422 quod
797 3353 929 3407 decretum
960 3356 1076 3422 spectare
1112 3353 1221 3418 videtur,

163 3437 316 3504 usurpatum
338 3438 378 3489 est
400 3438 514 3506 μερίζειν
535 3433 566 3488 cl
587 3434 669 3498 inira;
703 3435 809 3489 verbum
826 3432 959 3504 διανέμειν
976 3437 1008 3490 de
1024 3435 1222 3504 magistratibus

163 3517 285 3572 theoricis
302 3515 451 3571 adhibetur:
485 3516 582 3569 Philin.
607 3532 648 3584 ap.
671 3517 750 3584 Harp.
774 3533 795 3572 s.
813 3534 836 3572 v.
860 3517 983 3587 θεωρικά·
1002 3563 1008 3573 ,
1027 3557 1057 3573 ,.
1079 3515 1176 3582 ἐκλήθη
1194 3515 1222 3569 δὲ

164 3599 302 3672 θεωρικόν,
325 3599 367 3652 ότι
388 3604 444 3649 τῶν
465 3601 614 3650 Διονυσίων
634 3599 760 3667 ὑπογύων
780 3599 871 3650 ὄντων
895 3596 998 3651 διόνει
1004 3619 1065 3667 μεν
1090 3597 1222 3666 Εὔβουλος

162 3678 214 3732 ατί.
249 3682 344 3749 Theop.
361 3679 379 3732 f.
397 3681 430 3734 95
447 3697 488 3748 ap.
505 3681 585 3749 Harp.
603 3698 623 3734 s.
639 3697 663 3735 v.
681 3677 821 3747 adauctae
855 3721 861 3733 .
896 3721 902 3734 .
936 3680 1063 3753 ἀργύριόν
1078 3700 1107 3732 τε
1123 3683 1222 3745 συχνόν

163 3765 280 3835 ποριζων
302 3767 357 3816 τοῖς
369 3761 518 3826 Ἀθηναίοις
540 3759 687 3830 διένειμε
717 3759 769 3813 κτλ.
792 3761 909 3818 οί.Ρ11ι1ι.
927 3779 1009 3831 praec.
1026 3762 1149 3831 reipubl
1167 3780 1221 3832 ger.

163 3847 197 3899 25
212 3863 237 3914 p.
255 3846 326 3901 818e
343 3841 484 3912 (διανομῆ),
505 3861 536 3898 ex
558 3843 655 3898 talibus
672 3842 735 3897 loeis
752 3845 951 3912 grammaticum
967 3844 1102 3914 quendam
1119 3845 1164 3914 qui
1180 3845 1223 3900 de-

163 3929 233 3982 creto
253 3929 354 3996 partem
377 3925 455 3980 etiam
478 3926 537 3980 aliis
558 3943 588 3980 ex
609 3925 691 3980 cerasis
712 3929 859 3995 suspectam
882 3926 1000 3989 inseruit,
1028 3927 1174 3995 opinionem
1190 3927 1222 3984 de

163 4011 280 4080 Lycingo
297 4008 464 4078 pecuniarum
481 4008 692 4066 administratore
709 4007 759 4062 sibi
774 4008 880 4064 finxisse
897 4007 1001 4069 conicio,
