2946 4602
721 300 765 364 42

211 472 316 531 viribus
343 488 373 532 se
402 470 487 529 dedit.
531 470 672 540 Quomodo
707 471 914 530 aedificationes
941 471 1068 545 publicae
1095 492 1112 532 a
1140 473 1269 548 Lycurgo

212 576 262 632 aut
281 574 397 647 rogatae
420 575 469 631 aut
483 572 696 630 administratae
710 589 760 644 per
775 572 887 646 singula
902 573 1084 645 quadriennio
1100 575 1271 634 distribuen-

212 675 264 734 dae
289 675 347 732 siut
374 691 430 732 nou
457 689 601 747 exponam,
627 689 691 730 cum
716 672 783 744 quia
810 689 843 731 ea
869 673 960 747 magis
988 674 1025 731 ad
1055 675 1272 749 topographiam

212 793 297 847 quam
328 774 475 832 historiam
507 773 658 847 portinent,
695 772 755 830 tum
790 773 856 846 quia
889 791 922 832 ea
949 774 983 833 de
1004 791 1035 833 re
1057 777 1085 834 et
1113 793 1130 834 a
1172 777 1273 836 Oarolo

212 871 341 954 Curtio¹)
368 876 397 933 et
425 892 442 932 a
470 874 566 932 Curtio
594 869 820 954 Wscusmuou2)
854 874 993 933 uberrime
1028 877 1056 932 et
1089 875 1274 936 subtilissime

212 976 386 1049 disputatum
408 976 460 1034 est.

310 1076 480 1146 Quaestione
494 1075 582 1150 igitur
597 1075 631 1132 de
647 1073 766 1148 singulis
781 1074 993 1148 magistratibus
1008 1094 1024 1133 a
1039 1078 1167 1151 Lycurgo
1182 1080 1273 1152 gestis

212 1176 342 1236 absoluta
370 1177 468 1247 restat,
496 1177 528 1234 ut
558 1177 587 1233 iu
618 1175 781 1233 universum
808 1174 1017 1235 donationibus
1040 1177 1076 1235 ab
1099 1195 1129 1236 eo
1153 1179 1271 1237 redditis

212 1280 241 1338 et
263 1278 296 1338 de
318 1295 425 1336 summa
445 1277 625 1351 pecuniarum
647 1275 905 1333 administratorum
925 1277 1022 1351 paucis
1045 1278 1227 1351 disputemus.

312 1379 453 1452 Gaiusque
487 1377 609 1436 muueris
644 1377 768 1448 tempore
808 1378 922 1449 peracto
956 1379 1116 1453 Lycurgum
1149 1381 1273 1438 rationes

212 1496 305 1538 coram
325 1479 437 1553 logistis
458 1477 611 1538 reddidisse
633 1478 740 1536 certum
761 1477 815 1547 est,
836 1476 910 1536 illius
932 1479 1064 1550 muueris,
1087 1497 1141 1552 quo
1157 1480 1272 1539 iunctus

213 1597 259 1638 res
288 1597 384 1639 sacras
412 1579 539 1639 reficeret
567 1577 692 1636 oratione
720 1575 784 1657 περὶ
808 1579 865 1654 τῆς
887 1571 1060 1656 διοικήσεως
1082 1581 1178 1638 habita
1199 1598 1272 1653 quae

184 1675 187 1684 ’
213 1682 271 1755 egit
292 1680 450 1740 defendisse
472 1680 590 1738 maxime
611 1695 644 1736 ea
666 1695 699 1736 er
720 1695 750 1736 re
765 1679 900 1751 sequitur,
920 1682 1004 1754 quod,
1026 1698 1098 1753 quae
1112 1681 1274 1754 fragmenta

214 1783 327 1840 serrata
354 1782 422 1839 sunt
452 1775 503 1861 (cf.
527 1778 559 1837 0.
581 1778 616 1837 Α.
640 1780 670 1836 Π
691 1797 719 1852 p.
743 1775 805 1839 262
827 1778 892 1857 sq),
923 1781 1015 1839 omnia
1042 1781 1079 1838 ad
1105 1799 1150 1839 res
1176 1799 1273 1840 sacras

212 1883 354 1956 pertinent
380 1899 404 1942 e.
432 1898 461 1954 g.
486 1873 635 1956 Ἀγαθῆς
662 1872 759 1956 τύχης
774 1871 854 1951 osnig,
886 1882 935 1954 qui
960 1882 1034 1940 idern
1054 1881 1084 1940 in
1106 1882 1214 1942 decreto
1235 1882 1272 1940 A.

212 1984 450 2053 commemoratur,
485 1976 609 2058 αἰγίδας.
642 1975 795 2060 σείρινα3).
833 1977 865 2038 εἰι
894 1983 954 2040 τῶν
991 1977 1084 2063 ἱεροῦν,
1120 1966 1160 2040 ὧν
1187 1975 1275 2060 ἡμεῖς

213 2076 488 2163 ἐπετροπειίσαμεν,
523 2082 553 2139 id
580 2081 655 2154 quod
683 2097 758 2140 mero
787 2097 853 2139 casu
881 2083 986 2140 factum
1013 2099 1076 2141 esse
1103 2084 1272 2157 negaverim.

213 2184 343 2243 Omnium
362 2199 428 2242 vero
450 2199 543 2240 rerum
566 2199 582 2240 a
604 2198 635 2240 se
656 2183 799 2255 gestarum
814 2183 982 2256 Lycurgum,
1005 2201 1067 2241 cum
1087 2186 1202 2242 mortem
1214 2185 1274 2242 iam

213 2283 482 2358 adpropinquantem
504 2283 630 2357 sentiret,
657 2283 813 2340 reddidisse
841 2283 965 2342 rationes
986 2284 1016 2341 in
1037 2285 1095 2342 vita
1117 2286 1182 2358 Lyc.
1206 2302 1273 2343 nar·

212 2387 305 2444 ratur:
327 2378 444 2459 μὲλλων
467 2378 500 2440 (λε’
521 2376 705 2459 τελευτήσειν
728 2380 768 2451 είς
791 2379 826 2442 τὸ
848 2385 994 2464 μητρῷον
1016 2381 1063 2440 καί
1088 2380 1123 2443 τὸ
1145 2384 1273 2458 βουλευ-

213 2480 316 2565 τήριον
336 2479 484 2542 ἐκέλευσεν
506 2475 598 2542 αὑτὸν
618 2483 805 2560 κομισθῆναι
819 2477 1004 2559 βουλόμενος
1024 2478 1156 2554 εὐθύνας
1171 2481 1274 2542 δοῦναι

213 2588 274 2645 τῶν
302 2579 568 2661 πεπολιτευμένων·
622 2578 741 2652 οὕιλενὸς
769 2579 801 2641 (λε’
827 2587 1034 2665 κατηγορῆσαι
1062 2578 1275 2662 τολμήσαντος

213 2682 289 2764 πλὴν
311 2683 528 2762 Μενεσαίχμου
551 2681 606 2754 τὰς
627 2681 771 2759 διαβολὰς
793 2678 1024 2761 ἀπολυσάμενου
1046 2683 1087 2755 εἰς
1108 2683 1164 2762 τὴν
1179 2682 1273 2743 οἰκίαν

213 2782 421 2865 ἀπεκομίσθη,
464 2788 625 2857 orationem,
648 2803 732 2858 quarn
746 2787 814 2844 tuuc
837 2786 944 2857 habuit,
968 2786 1084 2844 eandem
1099 2803 1171 2858 esse,
1193 2787 1273 2845 cuius

213 2889 373 2964 fragmenta
400 2889 452 2946 sub
477 2887 561 2946 titulo
590 2880 796 2964 ἀπολογισμὸς
817 2869 858 2943 ὦν
880 2883 1090 2944 πεπολίτευται
1112 2888 1159 2962 (cf.
1183 2886 1215 2945 0.
1237 2888 1273 2944 A.

212 2991 242 3046 Π
263 3006 289 3062 p.
312 2984 389 3069 259)
413 2990 525 3047 servata
545 2988 674 3062 legimus
696 2988 753 3046 iam
766 2987 925 3046 Boeokhius
948 2987 1093 3059 aptissime
1114 2983 1274 3064 coniecit4),

213 3106 331 3163 quocum
363 3088 522 3162 fragmenta
551 3089 709 3147 consentire
736 3088 866 3146 ridentur
895 3088 930 3147 es.
964 3082 1144 3167 ιλερματικόν
1173 3089 1208 3145 fr.
1246 3085 1272 3148 1.

214 3181 374 3246 ἓιλιολιιίσαι
388 3190 423 3248 fr.
439 3186 467 3249 2.
506 3180 709 3264 ἑκατόμπεδον
723 3189 758 3246 fr.
774 3184 804 3248 3.
844 3181 949 3268 νεώρια
963 3186 1011 3245 καί
1027 3179 1176 3246 νεώσοικοι
1192 3188 1226 3245 fr.
1242 3183 1272 3246 4.

212 3290 290 3360 Quae
316 3291 438 3349 rationes
464 3289 603 3363 lapidibus
630 3291 735 3349 incisae
765 3289 846 3348 uobis
875 3291 1003 3348 servatae
1030 3290 1096 3347 suut
1124 3289 1161 3346 cf.
1185 3305 1273 3361 supra

212 3410 240 3466 p.
265 3387 304 3452 18
320 3409 361 3466 sq.
385 3409 433 3459 eas
454 3392 512 3450 tam
528 3391 610 3449 simili
623 3390 782 3450 litterarum
797 3390 889 3464 specie
904 3389 1068 3449 adfirmatur
1084 3406 1154 3460 esse,
1171 3390 1203 3446 ut
1217 3406 1274 3446 una

312 3602 338 3669 1)
355 3599 448 3655 Philol
466 3601 554 3656 xxiv
569 3619 594 3671 p.
612 3601 660 3656 ael
678 3617 732 3670 sqq.
749 3599 798 3654 Die
815 3599 912 3654 hauteu
929 3600 973 3654 des
990 3600 1131 3670 Lykurgos,

313 3685 339 3751 2)
356 3684 374 3736 l.
391 3684 408 3740 l.
425 3701 449 3753 p.
467 3686 516 3741 597
533 3701 587 3754 sqq.

311 3766 338 3835 3)
356 3766 426 3832 Quae
443 3766 477 3821 ad
492 3766 642 3821 thesaurum
657 3765 750 3834 templi
764 3766 863 3819 Dianae
880 3764 1036 3819 Brauroniae
1052 3765 1208 3834 spectavisse
1216 3781 1275 3818 con-

212 3847 269 3912 icio,
293 3864 355 3902 narn
379 3849 408 3901 iu
427 3848 505 3903 huius
528 3849 621 3918 templi
641 3848 763 3902 thesauro
785 3848 922 3901 marimum
943 3848 1041 3917 copiam
1062 3848 1274 3902 vestimentorum

213 3932 240 3983 et
257 3933 363 3984 ornatus
383 3930 514 3985 muliebris
534 3931 641 3986 infuisse
663 3947 693 3984 ex
713 3930 845 3984 laterculis
867 3931 1031 3999 cognoscitur
1051 3930 1082 3986 cf.
1105 3929 1240 3991 Michaelis
1256 3929 1274 3983 l.

213 4012 231 4066 l.
247 4029 272 4078 p.
290 4011 339 4065 307
356 4027 409 4080 sqq.

312 4091 525 4160 QlefflL
