2946 4602
776 249 815 313 18

267 411 455 498 Λυκούργου
477 415 592 476 παίδων
613 420 648 476 fr.
673 417 732 480 121
755 421 847 490 Blass,
869 421 916 478 ubi
937 423 1007 479 haec
1029 424 1139 479 extant:
1170 464 1176 477 .
1202 464 1208 476 .
1232 405 1320 489 οὗτος
1440 417 1441 422 ’

267 515 477 597 (Λυκοῦργος)
499 515 572 594 ἐβίω
587 514 643 594 μέν
664 513 838 600 σωφρόνως,
861 517 990 594 ταχθεὶς
1011 516 1044 578 δέ
1064 517 1112 578 ἐπὶ
1128 522 1168 600 τῇ
1183 514 1322 596 διοικήσει

267 619 329 676 τῶν
349 613 518 697 χρημάτων
543 603 609 698 εὗρε
635 613 758 698 πόρους,
789 613 966 700 ᾠκοδόμησε
994 617 1026 678 δέ
1053 617 1089 680 τὸ
1119 617 1263 699 θέατρον,
1287 615 1322 678 τὸ

268 712 380 790 αἰδεῖον,
411 713 452 776 τὰ
479 712 593 797 νεώρια,
629 712 759 799 τριήρεις
787 713 964 796 ἐποιήσατο,
1001 717 1133 796 λιμένας·
1166 722 1276 778 τοῦτον
1303 712 1322 795 ή

268 813 354 886 πόλις
373 817 438 876 κτλ.
481 819 579 878 deinde
600 820 713 878 Diodor.
736 819 789 877 sic.
811 821 879 878 XVI
901 816 956 880 88:
979 805 1071 890 οὗτος
1082 816 1137 900 γὰρ
1160 816 1240 901 (Λ)
1264 821 1324 877 τῶν

269 911 339 977 τότε
360 910 506 997 ρῑητόραιν
526 913 671 995 μέγιστον
692 913 767 995 έχων
788 913 908 994 ἀξίωμα
927 917 975 976 καὶ
999 913 1113 977 δώδεκα
1131 916 1186 996 μέν
1201 915 1254 997 έτή
1270 914 1324 988 τὰς

271 1011 444 1098 προσόδους
464 1020 522 1095 τῆς
542 1013 655 1088 πόλεως
676 1012 830 1096 διοικήσας
853 1015 1075 1095 ἐπαινουμέναις
1094 1021 1160 1078 κτλ.
1203 1021 1326 1094 quaein

270 1136 304 1178 ea
329 1120 411 1194 parte
437 1117 502 1176 libri
529 1120 642 1178 exstant
668 1136 752 1192 quam
779 1120 815 1177 ad
842 1136 924 1191 quem
945 1122 1087 1179 auctorem
1109 1121 1147 1178 sit
1167 1119 1325 1179 revocanda

269 1235 306 1278 ne
332 1219 459 1278 conicere
485 1219 596 1291 quidem
617 1220 711 1292 ahqua
738 1218 935 1294 probabilitate
955 1216 1065 1300 licet.¹)
1113 1219 1183 1278 Plus
1211 1220 1326 1294 praebet
1440 1283 1441 1310 ¹

270 1319 427 1376 Pausanias
453 1320 478 1389 Ι,
511 1315 562 1390 29,
593 1315 632 1379 16
665 1320 699 1378 de
731 1319 894 1378 aedificiisa
925 1320 1054 1392 lycurge
1082 1321 1234 1379 exstructis
1258 1366 1264 1378 .
1288 1363 1326 1378 ..

269 1411 467 1476 κατεσκεύασε
495 1413 528 1476 δὲ
553 1424 688 1495 πομπεῖα
717 1421 758 1499 τῇ
786 1417 861 1498 θεῷ,
892 1416 933 1487 εἰς
960 1414 993 1476 δὲ
1019 1412 1149 1495 πόλεμον
1175 1411 1254 1477 ὅπλα
1279 1417 1328 1476 καὶ

270 1514 346 1595 βέλη
367 1516 415 1576 καὶ
438 1515 636 1598 τετρακοσίας
656 1520 866 1594 ναυμαχοῦσιν
886 1511 958 1575 εἶναι
980 1512 1122 1599 τριήρεις.
1166 1513 1328 1595 οἰκοδομή-

250 1638 358 1694 ματα
387 1613 419 1676 δέ
442 1615 592 1676 ἐπετέλεσε
613 1614 669 1695 μέν
690 1615 728 1676 τὸ
748 1613 883 1697 θέατρον
905 1610 1016 1696 ε”τέριου
1036 1611 1266 1699 ὑπαρξαμένων,
1291 1615 1330 1676 τὰ

271 1713 304 1775 δέ
326 1715 374 1775 ἐπὶ
396 1719 453 1795 τής
475 1713 574 1776 αι’τοῦ
595 1715 753 1790 πολιτείας,
784 1709 1019 1798 ἃῴκοδόμήσεν
1047 1715 1078 1775 έν
1098 1717 1240 1799 Πειραιεῖ
1260 1708 1330 1786 νειός

270 1817 343 1877 εἰσιν
364 1810 439 1875 οἶκοι
458 1816 507 1875 καὶ
528 1814 565 1877 τὸ
587 1813 663 1899 πρὸς
683 1820 728 1898 sq*
741 1814 868 1898 Λυκειίμ
881 1813 1056 1899 καλουμένῳ
1069 1812 1235 1896 γυμνάσιον
1257 1862 1264 1876 .
1283 1861 1291 1876 .
1308 1861 1327 1891 .,

271 1937 328 1993 qua
353 1919 383 1976 in
409 1919 491 1992 parto
516 1920 679 1994 primarium
704 1919 863 1976 Pausaniae
889 1920 995 1977 fontem
1018 1920 1160 1977 decretum
1182 1918 1329 1978 Stratoclis

272 2020 362 2078 fuisse
384 2019 512 2077 arbitror.

370 2120 467 2191 Longe
492 2134 558 2176 vero
578 2117 697 2191 plurime
724 2118 758 2176 de
784 2118 907 2191 Lycurgi
932 2119 1172 2177 administratione
1200 2120 1332 2177 docemur

270 2218 372 2289 arum,
393 2218 543 2291 praecipue
562 2218 685 2304 rationes
706 2218 830 2276 redditas
851 2218 1057 2277 continentibus
1072 2235 1142 2291 quas
1157 2220 1194 2277 ad
1207 2220 1333 2293 Lycurgi

272 2318 542 2378 administrationem
567 2319 694 2389 spectare
720 2317 862 2390 probabile
884 2320 936 2388 est,
963 2317 1125 2390 compositis
1146 2319 1273 2392 plurimis
1295 2319 1331 2377 ab

272 2421 305 2478 A.
332 2417 488 2490 Michaelis,
519 2418 683 2476 Parthenon
703 2418 780 2491 lips.
810 2413 889 2477 1871
919 2435 946 2491 p.
970 2415 1032 2478 292
1053 2419 1090 2476 cf.
1112 2419 1175 2476 add.
1202 2437 1230 2492 p.
1258 2415 1330 2480 370.

272 2519 375 2579 Omnes
390 2534 463 2591 qnae
477 2518 568 2576 adhuc
581 2518 711 2576 inventae
726 2519 791 2574 sunt
805 2517 929 2575 rationes
951 2519 1068 2576 edentur
1081 2519 1111 2576 (1.
1125 2520 1147 2576 I.
1163 2518 1197 2576 A.
1212 2519 1251 2588 ΙΙ,
1267 2515 1290 2578 2
1304 2537 1331 2592 p.

274 2616 315 2680 98
337 2635 399 2691 sqq.
420 2618 460 2693 (n.
484 2612 675 2697 rae-741),
697 2634 768 2690 quas
783 2618 815 2674 ut
828 2618 968 2690 plagulas,
991 2621 1141 2690 antequam
1154 2619 1245 2676 tetum
1260 2634 1333 2690 opus
1440 2667 1441 2676 ,

273 2719 411 2789 ederetur,
445 2718 626 2791 inspicerem,
664 2734 826 2776 cencessum
858 2718 926 2775 milri
958 2719 1002 2775 est
1037 2718 1210 2792 benignitate
1237 2717 1333 2776 Adclfi

274 2818 422 2877 Kirchhoff
445 2819 474 2876 et
500 2816 588 2875 Ulrici
608 2817 739 2889 Kcehler,
767 2818 868 2890 quibus
895 2818 961 2876 viris
988 2817 1197 2878 inlustrissimis
1223 2817 1332 2890 gratias
1440 2843 1441 2898 q

274 2919 363 2976 habeo
385 2934 468 2990 quam
489 2917 633 2974 maximas.

373 3017 575 3089 Inscriptiones
596 3017 649 3076 hae
671 3018 755 3075 aunt:

373 3117 408 3174 A.
424 3116 535 3175 Decreti
556 3117 652 3189 populi
673 3117 832 3190 fragmenta
852 3134 876 3174 a.
893 3115 936 3174 01.
955 3112 1023 3186 111,
1045 3113 1122 3175 2==
1136 3111 1233 3176 33514
1247 3132 1273 3172 a.
1289 3116 1331 3187 (1.,

275 3233 347 3290 quae
373 3233 447 3274 nunc
473 3217 586 3274 exstant
613 3217 644 3277 0.
666 3217 689 3273 Ι.
717 3215 752 3273 A.
775 3217 813 3286 ΙΙ,
843 3214 859 3275 1
885 3211 954 3274 162.
977 3217 1039 3274 add.
1069 3217 1097 3274 et
1125 3233 1195 3274 corr.
1217 3233 1244 3287 p.
1267 3211 1330 3275 411

274 3341 317 3368 =
337 3317 372 3374 A.
396 3316 429 3373 B.
454 3316 484 3373 G.
506 3315 662 3386 Michaelis,
691 3315 727 3373 cf.
749 3315 784 3373 U.
806 3315 938 3386 Kcehler,
969 3317 1066 3373 Herm.
1089 3316 1103 3371 Ι
1124 3333 1151 3388 p.
1182 3312 1244 3375 312
1267 3333 1330 3388 sqq.

373 3416 407 3476 B.
429 3415 539 3473 Titulus
561 3416 597 3472 ad
610 3416 821 3473 Panathenaica
841 3415 986 3474 sollemnia
1008 3415 1173 3474 celebranda
1191 3416 1332 3489 spectans,

274 3517 324 3590 qui
341 3517 433 3576 exstat
460 3516 490 3573 0.
513 3516 536 3572 Ι.
558 3515 593 3572 A.
615 3517 654 3586 H,
679 3512 773 3575 1163
794 3515 831 3572 cf.
852 3515 997 3574 Michaelis
1019 3533 1045 3588 p.
1069 3512 1139 3576 332.

375 3616 554 3674 dilationes
575 3617 754 3688 quaestorum
774 3615 916 3674 Minervae
938 3618 966 3674 et
987 3618 1143 3675 curatorum
1166 3615 1331 3689 exlegibus

279 3813 572 3827 —-—.-..-.--.

381 3946 403 4009 l)
421 3941 451 3997 cf.
469 3941 652 4010 Volquardsen
669 3941 902 4009 Untersnchungen
919 3943 982 3997 iiber
998 3943 1039 3996 die
1056 3942 1157 4011 quellen
1174 3941 1219 3994 der
1234 3940 1330 4009 griech.

278 4022 332 4078 und
348 4023 412 4077 sicil.
429 4024 595 4094 geschichten
613 4025 652 4078 bei
667 4023 765 4076 Diodcr
780 4023 914 4077 Xl—XVl
930 4026 1014 4079 Kihae
1033 4026 1097 4081 1868
1112 4041 1137 4094 p.
1156 4025 1212 4079 118.
