2946 4602
771 303 814 368 30

263 494 326 537 eum
347 477 403 534 iam
417 475 506 533 finisse
520 474 578 532 solo
593 489 627 532 er
640 475 788 534 Idomeneo
803 476 996 548 Lampsaceno
1011 474 1119 533 infirmo
1134 478 1247 536 auctore
1262 475 1323 555 (ap.

262 571 507 651 Plut.h1istid.4)
522 573 650 634 concludi
670 576 827 634 rectissime
841 575 1050 646 animadvertit3
1073 577 1325 648 acceperunthanc

262 677 430 737 seutentiam
451 677 488 734 H.
512 675 610 734 Geluer
619 669 655 755 ¹),
678 677 701 732 Ι.
723 676 760 733 Η.
782 671 938 752 Lipsius2),
960 676 994 736 E.
1018 676 1132 733 Curtius
1141 671 1178 755 ⁵),
1202 677 1235 734 G.
1259 677 1323 734 Gil-

262 773 365 853 bert4),
393 776 449 834 alii.
493 776 548 834 Sed
579 793 612 834 ex
648 776 707 833 solo
743 775 853 834 silentio
887 775 1033 834 titulorum
1060 778 1089 834 et
1117 777 1288 849 scriptorum
1296 773 1323 854 ⁵)

260 894 438 950 nequaquam
464 875 561 935 liceret
587 875 751 934 concludere
779 876 920 934 Idomenei
939 877 1131 936 testimonium
1151 876 1234 949 plane
1257 894 1324 937 esse

261 978 441 1048 reiciendum,
475 976 611 1035 accedunt
644 993 709 1034 vero
743 975 798 1034 aha
831 977 998 1051 gravissima
1035 979 1210 1050 argumenta,
1245 995 1323 1050 quae

260 1081 284 1136 I.
307 1078 402 1136 Christ
423 1078 501 1136 recte
522 1076 653 1135 attulisse
673 1076 796 1135 videtur:
819 1077 969 1136 abhorrere
996 1095 1111 1150 prorsus
1132 1078 1206 1135 hunc
1228 1079 1323 1151 magi·

259 1179 380 1239 stratum
406 1178 442 1248 ab
463 1176 678 1235 Atheniensium
704 1177 819 1250 imperio
841 1176 953 1236 saeculo
982 1178 1015 1237 V.
1038 1195 1103 1236 vere
1129 1177 1260 1251 populari
1281 1179 1321 1237 cf.

261 1280 313 1338 rh.
328 1279 440 1338 Fellner
463 1294 573 1351 quoque
594 1276 612 1335 l.
628 1277 648 1338 l.
663 1295 690 1351 p.
714 1273 778 1338 384
791 1294 853 1351 sqq.
875 1279 1040 1338 Idomeneus
1055 1278 1142 1352 igitur
1156 1279 1323 1352 posterioris

260 1380 362 1440 aetatis
384 1379 581 1453 magistratum
607 1377 637 1436 in
658 1378 821 1449 Aristidem,
850 1395 932 1452 quern
954 1379 1090 1437 reditibus
1112 1379 1231 1452 publicis
1255 1380 1322 1438 dili-

259 1482 360 1556 genter
381 1479 557 1540 consuluisse
577 1480 675 1537 notum
696 1481 767 1550 erat,
797 1479 869 1537 falso
898 1479 1050 1538 contulisse
1077 1479 1242 1538 iudicandus
1264 1483 1322 1540 est.

358 1581 419 1651 Quo
454 1580 535 1638 modo
570 1580 737 1654 magistratu
768 1575 815 1636 ἐπὶ
845 1580 885 1659 τῇ
912 1571 1052 1656 διοικήσει
1081 1597 1115 1639 eu
1142 1580 1253 1640 saeculo
1282 1581 1322 1640 V.

259 1682 365 1741 remoto
387 1680 525 1753 rehquum
547 1681 599 1751 est,
629 1682 661 1738 ut
690 1698 744 1753 quo
774 1697 846 1738 anuo
872 1679 942 1738 illud
963 1697 1064 1739 munus
1091 1681 1252 1739 inst'tutum
1280 1683 1324 1739 sit

259 1782 440 1852 diudicemuS,
463 1797 520 1854 qua
537 1781 566 1838 in
581 1797 611 1838 re
631 1798 693 1838 cum
716 1781 801 1838 certis
823 1797 967 1840 careamus
987 1781 1161 1852 testimoniis,
1183 1781 1322 1840 iudicium

258 1883 295 1939 ad
315 1880 543 1955 probabilitatem
564 1881 675 1954 quidem
697 1882 835 1940 adducere
857 1881 989 1940 sufficiat.

356 1983 427 2040 (tum
448 1984 514 2055 post
534 1981 660 2041 Euchdis
682 2000 786 2040 annum
808 1983 992 2057 magistratus
1014 1982 1280 2042 Hellenotamiarum
1292 1977 1320 2059 ⁶)

257 2100 314 2141 non
334 2083 483 2142 restitutus
506 2085 591 2154 esset,
614 2084 812 2156 apodectamm
834 2083 1004 2159 potestatem
1026 2083 1106 2141 valde
1128 2084 1239 2141 auctam
1255 2099 1322 2142 esse

257 2184 377 2254 constat,
406 2200 501 2242 ornnes
523 2201 595 2257 quae
616 2183 744 2242 redibant
764 2184 905 2257 pecunias,
933 2184 1017 2242 etiam
1039 2184 1176 2242 sociorum
1197 2183 1319 2256 tributa,

357 2445 383 2511 1)
400 2442 418 2499 l.
434 2443 452 2497 l
469 2462 493 2513 p.
514 2446 579 2500 1010
595 2462 632 2515 sq.

356 2527 384 2594 2)
400 2525 418 2579 l
434 2527 451 2583 l.
469 2545 495 2596 p.
513 2529 579 2584 1360
597 2545 652 2598 sqq.

355 2610 382 2676 3)
398 2609 467 2666 Hist.
485 2610 549 2665 Gn*
564 2610 592 2664 11
616 2628 641 2679 p.
658 2610 774 2673 arnna.

254 3022 369 3076 monium
391 3039 411 3078 s.
432 3037 456 3074 v.
473 3018 614 3074 ἀποὸέιιται
635 3022 711 3091 plane
733 3016 762 3076 ea
784 3038 851 3078 saec.
868 3022 898 3075 V.
916 3021 1063 3075 removendi
1085 3022 1138 3077 sint
1155 3023 1197 3090 (cf.
1224 3023 1316 3078 Christ

254 3104 273 3158 l
289 3105 307 3160 l
323 3122 349 3175 p.
368 3105 400 3158 18
417 3106 473 3173 sq),
491 3120 646 3173 quamquam
663 3104 772 3158 concedo
781 3106 939 3173 potestatem
955 3120 1042 3158 eorum
1059 3121 1123 3159 saec.
1141 3106 1184 3162 IV.
1202 3108 1315 3170 auctam,

254 3186 389 3256 praecipue
406 3185 625 3254 dispensationem
646 3185 807 3256 publicarum
829 3187 995 3256 pecuniamrn
1016 3189 1079 3240 tunc
1095 3186 1199 3241 demum
1216 3187 1253 3242 eis
1269 3187 1315 3242 da

253 3271 310 3322 tam
330 3285 395 3331 esse3
421 3267 606 3323 eolacretarum
626 3269 753 3325 aerarirnn
782 3270 803 3323 1.
827 3270 921 3325 Ohn‘st.
949 3270 967 3326 l.
989 3269 1006 3322 1.
1027 3287 1052 3338 p.
1076 3271 1108 3324 19
1128 3287 1182 3339 sqq.
1204 3270 1315 3324 nimium

259 3349 309 3404 sibi
324 3349 426 3404 finmsse
443 3351 561 3406 arbitror.

353 3435 379 3500 6)
396 3432 601 3488 Hellenotauriae
627 3450 782 3504 quamquam
799 3451 830 3488 ea
856 3451 921 3504 quae
938 3452 954 3490 a
970 3435 1045 3490 sociis
1061 3434 1219 3504 recipiebant
1243 3435 1313 3504 apud

254 3517 402 3585 quaestores
424 3515 553 3570 Minervae
575 3516 745 3586 deponebant,
774 3519 861 3571 tamen
890 3517 1036 3573 retinebant
1061 3517 1313 3573 administrationem

253 3598 345 3652 harum
365 3598 539 3668 pecuniarum,
565 3599 699 3668 expensuri
723 3599 792 3654 enim
813 3599 972 3669 accipiebant
993 3602 1025 3656 ab
1049 3600 1102 3655 illis
1126 3601 1313 3670 quaestoribus.

253 3680 348 3735 Omnia
378 3697 442 3751 quae
464 3680 583 3736 redibant
607 3682 700 3750 (aliter,
722 3699 786 3752 quae
807 3684 876 3737 recte
893 3683 1012 3752 suppleta
1028 3699 1083 3738 esse
1103 3682 1224 3738 ridentur
1240 3684 1270 3737 C.
1289 3683 1312 3740 1.

252 3763 284 3816 A.
300 3763 321 3819 Ι.
337 3766 372 3819 32
387 3764 417 3827 Β,
433 3763 549 3833 intellegi
570 3780 622 3818 non
642 3766 750 3834 possunt
766 3764 797 3819 cf.
815 3765 846 3820 G.
863 3765 1007 3820 Loeschche
1024 3782 1123 3835 quoque
1139 3766 1156 3819 l.
1173 3766 1190 3819 l.
1208 3783 1232 3834 p.
1249 3768 1311 3820 411.

253 3846 279 3910 Ι)
304 3844 357 3899 iam
372 3845 432 3900 inde
449 3847 481 3900 ab
498 3847 539 3902 01.
555 3847 621 3911 81,3,
647 3863 697 3917 quo
723 3863 791 3900 anuo
807 3847 934 3901 aerarium
949 3848 1075 3902 sociorum
1092 3849 1210 3902 Athenas
1226 3850 1312 3902 inaus-

252 3927 334 3981 latum
351 3930 399 3992 est,
416 3929 485 3997 apud
501 3931 648 3998 quaestores
665 3929 794 3982 Minervae
816 3929 889 3999 quasi
904 3931 974 3984 Deae
1001 3930 1099 3984 tutelae
1117 3931 1252 3984 commissa
1268 3929 1313 3984 de·

253 4009 339 4078 posita
355 4027 409 4065 esre
426 4027 472 4065 suo
492 4011 547 4066 iure
564 4011 666 4066 videtur
682 4011 828 4080 suspicatus
845 4011 1083 4067 esseKirchhoffius
1099 4012 1125 4065 in
1137 4028 1167 4066 ea
1184 4028 1314 4066 commen-

254 4091 361 4156 tatione,
378 4107 429 4163 qua
446 4093 548 4163 egregie
571 4092 602 4148 de
624 4093 665 4149 his
682 4093 757 4148 rebus
774 4094 840 4163 egit:
861 4095 928 4158 „Zur
943 4095 1030 4163 gesoh.
1051 4092 1095 4149 des
1112 4095 1199 4149 athen.
1216 4097 1313 4150 staats·
