2946 4602
673 241 711 313 17

261 411 333 480 Quid
361 411 396 468 de
424 409 548 468 fontibus
575 408 650 467 illius
687 411 784 483 stirpis
814 411 889 469 vitae
917 411 1066 483 primariae
1095 412 1220 484 suspicer

160 511 243 570 liceat
273 511 329 568 iam
357 510 456 582 paucis
477 526 640 582 proponere.
684 511 728 568 Ea
750 526 783 569 ex
805 527 835 569 re
857 511 932 583 quod
953 511 1057 569 scimus
1080 511 1221 570 decretum

160 610 344 684 Antiphontis
387 609 461 668 vitae
498 610 676 668 subiunctum
712 627 744 667 ex
783 609 903 668 Caecilio
941 611 1077 686 originem
1118 611 1219 671 ducere

162 707 213 790 (cf.
241 711 351 768 initium
383 703 546 789 Ψήφισμα,
576 703 649 766 καθ’
679 700 695 766 ὃ
726 703 820 779 idota
845 703 1043 790 Ἀντιφῶντα
1063 709 1218 790 κριθῆναι,

160 801 176 866 t
198 805 357 878 Καικίλιος
378 803 615 889 παρατέθειται)
644 809 777 868 concludo
805 811 922 867 eundem
951 812 1114 884 scriptorem
1134 795 1218 870 otiam

39 983 42 990 Δ
159 909 267 982 reliqua
282 911 394 968 decreta
410 911 449 968 eis
464 927 537 982 quae
552 910 586 968 de
600 911 758 968 oratoribus
779 909 902 983 scripsit,
924 911 1086 970 adiunxisse
1100 928 1217 984 eumque
1294 958 1297 963 .

159 1010 194 1067 ab
209 1010 371 1068 auctoribus
385 1011 506 1068 vitarum
520 1012 549 1069 et
562 1010 744 1082 Antiphontis
754 1004 779 1088 ¹)
797 1011 826 1067 et
840 1010 1037 1069 Demosthenis
1052 1014 1081 1070 et
1093 1012 1217 1086 Lycurgi

159 1110 315 1169 adhibitum
329 1126 406 1181 esse;
421 1112 495 1169 unde
507 1127 572 1169 vero
586 1109 724 1168 Caecilius
736 1109 864 1167 hauserit
874 1111 1012 1168 incertum
1022 1113 1075 1182 est,
1090 1112 1217 1184 equidem

157 1211 187 1267 in
207 1211 329 1284 Lycurgi
351 1212 426 1270 vitae
447 1211 525 1268 initio
548 1227 611 1268 eum
632 1211 781 1279 auctorem,
805 1225 887 1282 quem
908 1209 1027 1268 vidimus
1050 1227 1112 1270 esse
1134 1228 1217 1270 accu-

157 1310 335 1381 ratissimum,
362 1311 560 1368 Philochorum
582 1310 671 1369 fuisse
692 1325 799 1368 censeo.
842 1310 935 1367 Causa
956 1308 1026 1367 haec
1048 1312 1105 1368 eet:
1132 1311 1189 1370 etia

158 1409 187 1466 in
206 1410 400 1468 Demosthenis
419 1411 487 1481 vita,
510 1411 590 1468 ouius
604 1411 678 1468 inter
693 1411 821 1468 auctores
836 1407 989 1466 Caecilium
1004 1409 1093 1469 fuisse
1108 1413 1214 1469 certum

159 1510 211 1579 est,
239 1511 419 1582 pecuniarum
442 1511 482 1568 ab
504 1510 629 1584 Harpalo
651 1509 852 1567 subductarum
879 1526 904 1567 v.
931 1505 990 1569 117
1012 1509 1049 1566 W
1071 1512 1099 1569 et
1119 1510 1213 1584 paullo

155 1611 220 1681 post
240 1627 267 1666 v.
285 1604 344 1670 167
360 1610 555 1669 Demosthenis
577 1626 682 1669 veneno
704 1609 808 1666 mortui
830 1611 927 1667 auctor
941 1609 1104 1682 perhibetur
1117 1611 1214 1669 Philo·

155 1709 266 1780 chorus
300 1711 376 1768 hunc
408 1711 550 1769 auctorem
583 1711 700 1767 eundem
734 1725 797 1767 esse
825 1710 954 1783 suspicor
986 1726 1068 1782 quem
1099 1711 1129 1768 in
1156 1712 1214 1770 vita

153 1809 277 1882 Lycurgi
315 1811 350 1867 de
385 1810 512 1882 pecuniis
552 1827 569 1867 a
601 1811 729 1884 Lycurgo
763 1809 967 1868 administratis
1003 1811 1214 1870 accuratissime

153 1925 270 1967 narrare
298 1912 326 1968 et
348 1910 382 1968 de
403 1910 466 1968 aliis
486 1910 570 1968 rebus
584 1909 687 1968 Atticis
702 1909 888 1967 minutissima
903 1910 1009 1969 referre
1023 1913 1212 1985 cognovimus.

252 2010 421 2082 Priusquam
443 2011 479 2068 ad
501 2011 607 2068 decreti
627 2011 703 2083 opud
716 2009 900 2068 Plutarchum
920 2010 1019 2068 traditi
1039 2010 1123 2069 fidem
1145 2027 1210 2070 exa·

151 2110 312 2167 minandam
332 2111 424 2168 -id
445 2111 519 2183 quod
540 2111 634 2183 aptius
656 2110 692 2168 ad
714 2110 903 2182 quaestionem
926 2111 959 2168 dc
973 2111 1096 2184 Lycurgi
1115 2126 1213 2169 muue-

150 2210 230 2268 ribus
258 2211 456 2268 instituendam
491 2210 636 2282 reponitur
662 2243 703 2252 —
729 2202 978 2282 transgrediamur,
1009 2211 1210 2282 perlustremue

150 2309 275 2384 reliquos
312 2310 420 2380 fontes,
458 2309 560 2383 quibus
593 2311 627 2368 de
658 2310 781 2383 Lycurgi
817 2310 999 2382 pecuniarum
1037 2311 1211 2384 puhhcarum

152 2409 392 2468 administratione
423 2410 561 2468 docemur.
614 2411 734 2468 Maxime
767 2406 915 2466 dolendum
949 2411 992 2468 est
1018 2427 1070 2469 nos
1116 2428 1211 2471 carere

152 2510 324 2568 orationibus
345 2511 468 2584 Lycurgi
490 2505 555 2589 περὶ
585 2511 642 2586 τῆς
672 2504 844 2586 διοικήσεως
873 2512 901 2568 et
926 2503 1149 2591 Ἀπολογισμῷ
1170 2495 1211 2568 ὧν

153 2605 371 2683 πεπολίτευται,
389 2628 507 2683 quarum
533 2610 693 2684 fragmenta
720 2609 804 2668 exilia
831 2609 954 2683 conlegit
988 2611 1016 2668 et
1043 2601 1209 2670 inlustravit

150 2709 183 2767 F.
220 2709 252 2766 G.
285 2706 521 2787 ffiesshngius2);
561 2709 696 2798 nonnulla
723 2710 814 2768 adfert
845 2710 1004 2784 Hyperides
1037 2701 1113 2788 ὖπὲρ
1148 2712 1209 2768 τῶι

152 2871 216 2924 1878
231 2872 293 2923 tom.
310 2869 384 2923 XCII
400 2889 425 2939 p.
444 2872 491 2925 148
507 2871 643 2925 voluerunt
660 2886 726 2924 anno
744 2871 784 2926 Ol.
802 2872 857 2934 128,
874 2873 897 2934 2,
907 2887 983 2934 χαιιιισ
999 2873 1098 2925 certum
1115 2875 1156 2926 est
1174 2873 1206 2929 cf.

149 2951 178 3006 C.
196 2953 301 3006 Curtius
321 2951 414 3005 Philol.
435 2955 497 3006 tom.
520 2953 607 3006 XXIV
626 2970 650 3021 p.
673 2953 713 3006 93.
751 2953 871 3006 Bursiani
887 2951 1029 3020 jahresber.
1057 2955 1123 3010 1878
1143 2957 1207 3008 tom.

148 3035 198 3087 XV
213 3052 238 3102 p.
256 3035 295 3089 24.
330 3033 361 3087 U.
378 3034 490 3089 Koehler
505 3035 592 3090 Herm.
610 3035 635 3087 V
650 3053 675 3103 p.
692 3035 743 3090 346
760 3051 811 3103 sq.;
824 3034 878 3103 ipsc
895 3034 943 3088 hoo
952 3038 1133 3104 argumentum
1142 3037 1208 3092 addo

147 3115 208 3170 inde
224 3116 343 3185 petitum,
361 3116 429 3185 quod
446 3119 564 3185 sumptus
581 3115 677 3170 decreti
693 3117 774 3184 lapidi
789 3117 920 3171 incidendi
931 3117 1095 3187 suppeditare
1103 3119 1207 3174 iubetur

147 3200 270 3266 ὁπαμίπς
286 3204 334 3250 τοῦ
357 3195 445 3266 δήμου,
468 3215 544 3267 quem
565 3202 595 3252 ut
617 3215 685 3252 nuno
708 3215 749 3252 res
765 3201 827 3252 sunt
843 3202 903 3267 post
920 3200 960 3255 01.
980 3202 1034 3263 118,
1052 3203 1069 3255 4
1085 3218 1137 3255 non
1154 3203 1207 3256 iem

149 3280 279 3335 exstitisse
295 3280 509 3335 verisimillimum
526 3284 566 3336 est
583 3281 614 3334 ci.
632 3280 983 3350 U.Koehler,Mitteilungen
1001 3282 1045 3337 des
1057 3284 1206 3340 Deutschen

149 3362 275 3418 archaeol.
291 3362 352 3418 inst.
373 3361 390 3414 i.
407 3361 493 3416 Athen
509 3363 548 3416 IV
564 3363 649 3430 (1879)
666 3380 691 3431 p.
708 3364 768 3417 825.

247 3445 272 3512 1)
288 3444 321 3496 In
341 3443 396 3498 vita
411 3445 580 3513 Antiphontis
601 3445 727 3499 Caecilius
740 3443 861 3498 laudatur
869 3446 920 3500 832
927 3445 960 3508 Ε;
977 3446 1205 3514 praeterea8330.

147 3526 179 3578 D.
196 3527 247 3581 836
262 3527 293 3580 A.
314 3527 365 3581 838
380 3527 411 3579 D.
436 3528 486 3582 840
502 3528 531 3580 Β.
571 3527 641 3592 Quae
663 3528 694 3580 de
716 3526 828 3580 Caecilio
851 3527 877 3580 in
900 3527 955 3581 vita
970 3526 1084 3594 Lycurgi
1101 3529 1205 3580 auctore

146 3607 257 3676 protulit
273 3608 321 3661 Th.
338 3608 501 3662 Burckhardt
517 3609 535 3661 l.
553 3610 570 3662 l.
588 3627 612 3677 p.
629 3609 669 3671 32,
687 3609 741 3676 ipse
757 3608 1072 3663 incertaessooonfitetur.
1089 3638 1123 3646 -
1140 3608 1216 3664 Cae.

147 3689 235 3742 cilium
257 3707 288 3744 ex
304 3690 406 3743 Crateri
414 3696 552 3762 συναγωγῇ
563 3693 743 3760 ψηφισμάτων
760 3707 825 3759 quae
847 3690 942 3744 adiecit
962 3689 1064 3744 decreta
1086 3688 1204 3745 hausisse

146 3773 345 3826 consentancum
362 3774 415 3836 cst;
434 3772 465 3826 de
482 3773 587 3827 Cratero
615 3789 684 3826 nuno
705 3772 971 3840 praeterMeinelrium
984 3770 1021 3825 ad
1038 3771 1126 3839 Steph.
1144 3771 1205 3839 Byz.

146 3853 315 3908 conferendus
332 3857 372 3908 cst
388 3855 508 3919 Cobetus,
525 3855 649 3908 Muernos.
666 3871 723 3907 nov.
741 3871 789 3908 ser.
805 3855 827 3908 I.
844 3857 877 3909 97
894 3870 948 3923 sqq.

247 3938 274 4005 2)
290 3936 403 4005 Lycurgi
432 3936 622 4006 deperditarum
650 3936 795 3990 orationum
821 3936 968 4004 fragmenta
988 3935 1045 3989 coll.
1062 3939 1110 3989 oet.
1127 3935 1156 3988 F.
1173 3935 1204 3991 G.

148 4018 321 4088 Kiesslingius
337 4019 412 4074 Halis
427 4021 483 4074 Sex.
500 4037 522 4074 a.
537 4021 563 4076 h.
573 4038 592 4076 s.
601 4020 698 4073 XLVII
710 4037 735 4089 p.
745 4021 779 4074 69
787 4036 841 4089 sqq.
850 4042 883 4064 =
892 4019 922 4074 0.
931 4020 962 4073 A.
971 4017 998 4070 11
1012 4034 1037 4088 p.
1046 4019 1096 4072 262
1104 4033 1140 4086 sq.
1149 4018 1207 4072 259.
