2946 4602
715 197 734 260 8

195 368 297 442 pressit
306 362 342 446 ¹),
364 385 420 424 non
442 367 537 439 magni
558 368 602 424 est
622 367 754 424 momenti
774 367 848 440 apud
863 366 948 423 talem
964 367 1127 438 scriptorem
1142 365 1255 438 qualem

195 468 328 527 Photium
354 467 499 538 novimus,
526 466 692 540 praesertim
718 483 780 524 cum
802 467 977 524 enuntiatum
998 465 1117 525 relatiua
1138 467 1254 525 coniun-

197 569 288 627 ctione
310 569 472 628 adiunctum
494 567 539 624 sit.

296 669 363 726 Non
376 668 467 742 magis
482 666 664 724 Ballheimeri
685 667 825 724 sententia
845 682 878 725 eo
900 665 1068 738 defenditur,
1091 665 1166 738 quod
1179 667 1254 725 Pho-

196 769 253 826 tius
268 785 295 842 p.
311 763 374 828 495
389 768 407 824 b
424 764 464 829 10
478 784 540 839 sqq.
556 767 677 840 elogium
698 765 853 839 sepulcrale
867 766 897 824 in
911 766 1108 824 Demosthenis
1122 767 1255 826 honorem

196 868 303 926 factum
325 868 409 926 etiam
430 869 466 926 ed
480 867 651 940 Hyperidem
665 865 813 924 transferri
826 866 961 940 perhibet,
983 882 1048 923 nam
1067 866 1097 922 in
1111 883 1143 925 eo
1158 868 1255 925 tenore

195 966 330 1040 legrmtur
357 967 456 1038 uerba,
493 967 541 1038 qui
567 983 602 1023 ex
631 966 777 1024 rhetoricis
808 965 933 1024 fontibus
965 983 982 1022 a
1011 966 1113 1024 Photio
1142 966 1171 1024 iu
1197 967 1256 1025 vita

196 1068 392 1126 Demosthenis
414 1067 554 1140 copiosius
576 1066 723 1139 exscriptis
744 1066 930 1140 amplificatus
953 1049 1004 1124 est.

297 1167 404 1236 Quibus
438 1167 590 1240 disputatis
617 1167 674 1224 iam
702 1166 818 1224 evicisse
846 1166 915 1223 mihi
943 1167 1038 1224 viduor
1065 1166 1256 1226 additamenta

198 1283 270 1339 quae
293 1269 368 1341 apud
389 1268 478 1326 solum
492 1267 624 1324 Photium
646 1267 758 1322 exstant
778 1283 835 1323 non
856 1282 917 1324 esse
939 1282 972 1324 ea
994 1282 1066 1338 quae
1088 1282 1138 1324 nos
1153 1270 1257 1340 cogant

198 1369 230 1424 ut
245 1367 299 1426 alio
314 1368 465 1441 archetypo
475 1367 606 1425 Photium
621 1383 703 1424 usum
718 1383 779 1424 esse
794 1367 967 1425 statuamus:
990 1365 1046 1424 alia
1060 1367 1148 1424 codici
1162 1367 1254 1425 Phot'

198 1467 346 1526 tribuimus
374 1468 430 1525 alia
458 1485 475 1526 a
503 1467 602 1524 Photio
632 1467 691 1540 ipso
722 1467 831 1525 adiecta
859 1481 919 1524 esse
945 1467 1027 1524 nobis
1054 1467 1255 1538 persuasimus.

199 1568 452 1642 Transgrediemur
485 1568 572 1640 igitur
606 1567 644 1624 ad
672 1583 719 1637 aa,
755 1583 827 1638 quae
860 1567 980 1624 Photius
1015 1566 1143 1624 breviora
1172 1584 1257 1638 quam

198 1669 370 1728 Plutarchus
391 1668 516 1738 tradidit,
540 1668 624 1724 etiam
645 1667 697 1724 hos
718 1665 794 1725 locos
816 1666 888 1725 tales
910 1682 973 1724 esse
994 1668 1026 1725 ut
1047 1666 1179 1724 aPhotio
1194 1684 1256 1724 mu-

198 1769 274 1826 tatos
293 1770 390 1844 putem
409 1769 557 1826 contendo.
600 1768 661 1824 Iam
683 1768 707 1824 si
728 1768 758 1824 in
779 1768 940 1826 uniuersum
961 1768 1086 1826 iudicare
1106 1767 1181 1838 licat,
1203 1768 1256 1826 hoo

199 1885 312 1928 moneo:
349 1869 374 1926 si
405 1869 441 1927 ab
469 1869 583 1926 auctore
610 1885 690 1939 quern
725 1884 828 1941 magna
857 1868 970 1926 licentia
999 1867 1068 1926 ahos
1100 1869 1256 1927 exscribere

199 1970 310 2028 constat
329 1969 383 2027 hoo
404 1968 448 2027 vel
468 1969 538 2026 illud
559 1969 706 2038 omittitur,
728 1969 804 2026 certe
826 1968 940 2026 dubium
960 1970 1046 2040 etque
1060 1969 1197 2027 lubricum
1213 1971 1257 2027 est

199 2058 349 2130 adfirmare
377 2070 406 2126 id
434 2071 575 2127 auctorem
601 2069 631 2126 in
659 2066 810 2141 exemplari
838 2085 889 2126 suo
922 2069 1032 2127 omnino
1061 2085 1117 2127 non
1142 2069 1256 2144 legisse,

201 2170 300 2228 contra
320 2169 451 2243 graviora
473 2169 573 2241 quribns
594 2169 662 2226 illud
683 2170 816 2242 probetur
838 2169 1003 2242 argumenta
1025 2169 1176 2228 adferenda
1196 2186 1259 2229 esse

202 2285 312 2329 censeo.
353 2270 422 2327 Loci
444 2271 537 2328 autom
559 2286 628 2341 quos
649 2263 852 2347 Balneimor2)
875 2269 912 2327 ad
933 2269 1100 2327 sententiam
1114 2287 1195 2328 suam
1209 2271 1258 2328 fir-

202 2370 333 2428 mandam
361 2369 454 2428 adfert
487 2369 518 2427 hi
545 2371 625 2427 sunt:
659 2369 709 2428 vit.
738 2369 844 2427 Andoc.
876 2383 899 2427 v.
926 2365 1040 2429 9-17
1069 2369 1104 2426 W
1133 2364 1197 2449 (oo
1223 2364 1259 2428 τὸ

203 2461 430 2549 πρότερον-ὠς
445 2463 632 2549 Κράτιππός
653 2469 750 2550 φησι),
773 2485 845 2541 quae
859 2470 943 2528 uerba
957 2469 1077 2543 primum
1090 2469 1121 2527 in
1133 2472 1260 2544 margine

203 2570 341 2644 adposita,
356 2572 416 2628 tum
430 2571 460 2629 in
475 2571 635 2628 contextum
648 2569 738 2627 inlata
752 2585 815 2628 esse
829 2569 1060 2627 Westermannus
1081 2569 1100 2628 l.
1115 2571 1135 2628 l.
1152 2587 1180 2643 p.
1195 2567 1257 2632 237

203 2671 278 2732 recte
300 2671 453 2743 adnotavit,
481 2670 572 2729 aliena
598 2686 663 2728 vero
691 2669 781 2729 fuisse
808 2687 825 2727 a
846 2670 983 2728 Photiano
1011 2671 1168 2745 exemplari¹
1183 2672 1259 2730 nullo

203 2769 303 2828 indicio
326 2772 465 2842 docemur,
487 2773 583 2844 itaque
604 2765 816 2848 uerisimilius³J
838 2772 906 2845 puto
928 2770 1013 2828 etiam
1033 2769 1086 2829 hoo
1107 2772 1166 2830 loco
1181 2772 1258 2829 Pho-

202 2872 282 2942 tium,
297 2889 360 2930 oum
370 2872 606 2931 continuationem
619 2871 755 2928 sermonis
766 2888 823 2928 uon
833 2871 903 2928 satis
914 2871 1095 2944 perspiceret,
1110 2872 1260 2945 parenthe-

204 2972 249 3030 sin
276 2967 449 3052 omisisse.4)
493 2971 625 3030 Photium
652 2972 745 3030 autem
772 2971 857 3030 etiam
878 2970 954 3043 alibi,
977 2972 1002 3029 si
1023 2973 1182 3030 contextum
1204 2989 1260 3030 non

204 3072 273 3130 satis
301 3071 375 3130 clare
408 3072 567 3146 perspexit,
599 3071 823 3145 praetermisisse
858 3089 929 3144 quac
960 3072 1137 3131 offendebant
1164 3070 1259 3145 paullo

305 3329 500 3399 1)1.1.p.10.

304 3415 331 3481 2)
347 3431 372 3482 p.
390 3414 422 3467 13
438 3429 492 3481 sqq.

304 3497 331 3563 3)
348 3495 379 3550 cf.
395 3496 426 3548 A.
445 3493 563 3548 Schaefer
578 3495 596 3548 l.
612 3494 630 3548 l.
648 3513 673 3563 p.
691 3497 747 3549 251.

305 3580 332 3646 4)
348 3578 467 3632 Fortasse
483 3577 607 3631 Photium
624 3593 655 3631 ea
676 3593 740 3646 quae
756 3576 823 3645 legit
836 3577 951 3631 breviora
967 3577 1108 3634 reddidisse
1125 3597 1154 3634 eo
1172 3581 1262 3649 proba»

205 3664 256 3724 tur,
273 3659 340 3729 quod
362 3661 438 3714 verba
460 3658 530 3712 haud
552 3659 616 3714 satis
638 3658 759 3713 distincte
782 3659 819 3713 sic
841 3659 938 3727 posuit:
962 3660 1078 3730 ἀπέφυγε
1101 3661 1200 3733 κριθεὶς
1217 3666 1262 3714 ἐπὶ

206 3747 248 3807 τῷ
265 3745 390 3811 μηνύσειν
412 3744 471 3795 τοὺς
488 3739 642 3795 ἀδικοῦντας
665 3742 706 3809 (cf.
723 3743 808 3795 Plut:
831 3741 927 3813 κριθεὶς
950 3746 993 3794 ἐπὶ
1010 3747 1111 3797 τούτοιςΙ
1128 3744 1262 3814 ἀπέφυγεν

205 3827 248 3877 ἐπὶ
270 3829 310 3890 τῷ
331 3825 472 3893 μηνύσειν).
512 3824 578 3877 Cum
596 3823 664 3878 enim
681 3826 829 3878 contextum
850 3825 993 3893 perspicere
1015 3825 1137 3889 studeret,
1155 3827 1260 3880 verbum

206 3907 311 3962 finitum
332 3905 446 3975 ἀπέφυγε
466 3906 577 3975 primum
601 3906 695 3975 posuit,
715 3909 772 3959 tum
793 3906 889 3976 κριθεὶς
912 3910 955 3958 ἐπὶ
975 3912 1016 3972 τῷ
1032 3909 1158 3974 μηνύσειν
1173 3907 1259 3962 nunus

205 3989 271 4042 clare
289 3987 420 4042 subiunxit
437 3987 534 4058 duplici
552 3991 594 4040 ἐπὶ
611 4003 672 4042 voce
689 3988 773 4044 nescio
791 4005 823 4042 an
841 3989 968 4044 aberrans.
