2946 4602
692 241 735 307 45

275 415 404 475 Vidimus
425 414 513 488 igitur
533 414 563 472 in
585 413 669 472 rebus
691 415 852 488 aLycurgo
872 415 962 488 gestis
984 417 1154 488 exponendis
1175 435 1241 490 pro-

176 516 360 590 grediendum
391 532 455 574 esee
484 531 517 573 ex
546 515 656 573 decreto
686 531 703 572 a
732 513 868 574 stratocle
895 516 1004 589 rogato,
1041 517 1120 575 cuius
1146 519 1242 576 tamen

176 620 285 692 partam
314 633 369 675 non
392 617 542 690 genuinam
564 616 614 672 sad
636 615 671 672 ab
693 615 893 688 interpolatore
920 616 1068 675 inmissam
1096 634 1159 678 esse
1195 635 1242 676 co-

176 718 334 792 gnorimus,
355 718 503 790 praeterea
524 716 557 774 de
579 716 654 774 ritae
676 717 763 789 stirpe
783 717 899 790 antiqua
919 719 948 776 et
962 718 1094 776 accurata
1113 719 1239 792 disputa-

179 819 270 876 vimus
293 817 431 890 simulque
452 816 553 874 Photio
570 814 675 874 nullam
696 817 892 876 auctoritatem
912 818 1089 876 tribuendam
1111 835 1174 876 esso
1189 819 1238 878 do·

177 919 402 978 monstravimus.
439 918 546 988 Quibus
555 916 689 975 absolutis
697 934 770 989 quae
783 919 1052 993 muneraLycurgus
1060 920 1241 978 administra·

177 1020 250 1077 verit
285 1019 442 1077 studuimus
471 1018 631 1088 diiudicare,
672 1018 807 1090 imprimis
835 1020 1004 1090 provinciam
1033 1021 1091 1077 τοῦ
1119 1016 1166 1077 ἐπὶ
1202 1022 1242 1100 τῇ

183 1112 324 1196 διοικήσει
346 1119 506 1179 accuratius
529 1118 652 1178 definire.

277 1222 355 1292 Quae
383 1221 417 1278 de
444 1221 573 1293 Lycurgo
601 1236 695 1277 rerum
729 1217 903 1291 publicarum
935 1220 1162 1280 administratore
1198 1223 1241 1280 di-

178 1323 293 1397 sputata
314 1321 340 1380 si
360 1322 415 1378 ium
431 1321 650 1390 consideramus,
673 1335 735 1377 curn
749 1319 867 1378 Periclis
883 1320 1069 1379 clarissimum
1084 1322 1240 1395 exemplum

179 1424 244 1482 aute
277 1422 373 1480 oculos
406 1421 539 1478 habuisse
573 1422 605 1477 ut
638 1420 784 1478 credamus
817 1420 988 1491 adducimur,
1026 1421 1105 1480 cuius
1132 1423 1185 1480 viri
1212 1425 1240 1480 et

179 1522 294 1582 consilio
329 1524 357 1580 et
388 1521 527 1579 industria
562 1522 623 1579 erat
657 1519 824 1578 simillimus
884 1519 984 1579 Omnia
1017 1537 1082 1580 vero
1118 1523 1242 1596 Lycurgi

178 1623 347 1682 auctoritate
375 1624 404 1679 et
433 1620 548 1679 consilio
575 1637 626 1693 per
653 1621 795 1679 duodecim
818 1637 906 1678 annos
929 1623 993 1680 acta
1015 1637 1078 1682 esse
1099 1639 1133 1680 ea
1155 1639 1189 1680 err
1210 1640 1240 1680 re

180 1723 298 1782 maxime
319 1723 505 1796 cognoscitur,
536 1720 610 1794 quod
638 1737 730 1778 rerum
753 1721 903 1793 scriptores
924 1721 1082 1794 praefuisse
1104 1739 1167 1780 eum
1188 1739 1239 1795 per

179 1826 238 1883 tres
260 1821 467 1896 pentaeteridas
488 1821 669 1894 pecuniarum
690 1821 866 1893 publicarum
893 1822 1129 1880 administrationi
1151 1824 1241 1881 tradi·

180 1924 282 1982 derunt
304 1922 461 1980 memoriae.
