2946 4602
640 225 680 289 29

108 418 183 474 ¹quo
212 395 264 457 τὸν
292 394 341 455 ἐπὶ
369 399 410 476 τῇ
438 391 580 473 διοικήσει
605 398 727 454 nondum
756 397 900 455 exstitisse
928 397 1003 458 infra
1024 397 1189 468 videbimus

127 500 239 574 poletae
261 498 423 556 muneribus
445 500 630 572 fungerentur
651 498 681 555 iu
703 498 803 555 senatu
831 496 873 574 (0.
889 498 963 555 LA.
985 500 1000 555 I
1022 494 1063 558 59
1086 494 1142 574 cbo
1157 492 1190 555 δὲ

130 595 261 678 στ]ήλήο
293 593 611 673 ἄπομισθιοσάσθοήν
644 592 672 656 οἳ
704 595 843 673 ποιληταὶ
878 594 907 654 ἐι
942 600 983 678 τῇ
1010 598 1125 678 decbr}
1151 600 1188 658 cf.

128 703 152 758 I.
176 701 272 760 Christ
294 700 312 757 l.
335 699 354 758 l.
377 717 404 772 p.
427 696 466 772 7).

228 801 334 859 Eodem
356 801 497 873 pertinere
517 801 637 871 videtur,
659 801 734 874 quod
752 799 926 873 praefectum
940 801 1191 860 administrationis

129 919 261 962 coronam
289 903 318 960 et
345 902 467 958 statuam
496 901 638 960 faciendas
666 918 723 959 una
749 918 812 959 cum
837 901 940 974 legatis
967 903 1070 960 creatis
1092 919 1192 961 curare

129 1004 239 1062 iussum
267 1018 329 1061 esse
356 1002 512 1060 invenimus
542 1003 572 1059 0.
602 1003 623 1059 Ι.
654 1002 688 1062 Α.
711 1002 742 1057 Il
769 998 827 1062 251
854 1000 908 1078 (Ol.
940 998 1189 1078 118,2-120,1)‚

129 1104 241 1161 videtur
256 1105 349 1160 autem
370 1102 430 1174 ipse
454 1093 533 1158 ὃὲιιὶ
556 1103 596 1181 τῇ
611 1093 753 1178 διοικήσει
772 1102 864 1160 iuberi
878 1103 986 1172 adesse,
1009 1103 1075 1175 quia
1089 1119 1191 1161 corona

130 1203 244 1262 maioris
266 1219 350 1275 quam
364 1202 426 1260 fieri
440 1202 549 1260 solebat
569 1197 685 1280 pret‘'¹)
723 1202 852 1260 facienda
872 1203 932 1261 erat
955 1199 1070 1282 (colona
1087 1199 1191 1278 χιλιόιι

132 1300 287 1383 δραχμῶν,
312 1303 407 1360 statua
429 1299 602 1382 τρισχιλίων
625 1297 726 1382 δρήῗ).

231 1402 339 1473 Quibus
361 1402 396 1461 de
415 1404 557 1476 prouincia
580 1403 637 1460 τοῦ
659 1399 707 1458 ἐπὶ
730 1403 770 1482 τῇ
792 1395 933 1478 διοικήσει
954 1403 1055 1475 positis
1070 1420 1191 1476 quonam

132 1506 256 1578 tempore
290 1502 338 1560 ille
372 1504 555 1576 magistratus
583 1503 733 1561 institutus
765 1504 802 1560 sit
834 1503 986 1575 quaeritur.
1036 1505 1098 1562 Iam
1125 1505 1191 1562 ante

131 1604 277 1662 Euclidem
299 1620 362 1662 eum
383 1603 471 1661 fuisse
492 1620 555 1661 cum
576 1603 625 1660 alii
645 1605 704 1661 tum
726 1603 884 1662 Boeckhius
904 1604 1117 1675 contenderunt,
1138 1605 1190 1662 im-

131 1705 229 1778 primis
264 1704 395 1762 Cleonem
427 1703 474 1761 illo
501 1720 615 1763 munere
641 1704 769 1761 functum
797 1719 860 1761 esse
892 1705 915 1760 Ι.
946 1704 979 1762 G.
1007 1705 1136 1777 Droyseu
1161 1705 1192 1762 in

131 1805 272 1879 prooemio
294 1806 330 1862 ad
351 1821 423 1862 vers.
446 1803 589 1878 Aristoph.
606 1821 668 1877 eqq.
684 1822 710 1876 p.
727 1799 788 1863 291
813 1819 846 1860 er
865 1821 908 1862 vv.
924 1800 986 1864 947
1002 1821 1063 1877 sqq.
1080 1805 1193 1864 efficere

132 1905 243 1964 studuit
249 1900 282 1978 ³),
304 1905 335 1962 iu
356 1905 445 1962 maius
460 1921 524 1961 vero
540 1904 640 1962 extulit
654 1905 822 1962 seutentiam
836 1905 872 1962 H.
889 1901 1192 1982 Μῆδοι-8011111184),

132 2006 182 2079 qui
211 2023 244 2064 ea
273 2005 307 2062 dc
336 2021 368 2062 re
395 2004 534 2077 copiosius
564 2021 647 2076 qnam
675 2005 833 2084 accuratius
862 2005 1010 2078 disputans
1045 2005 1189 2077 quaestori

131 2123 215 2179 quem
236 2105 319 2164 vocat
339 2105 480 2162 redituum
501 2104 673 2177 publicorum
696 2104 886 2163 incredibilem
906 2105 1084 2178 potestatem,
1115 2121 1191 2163 sum-

131 2223 207 2264 mam
228 2223 321 2264 rerum
343 2204 517 2277 publicarum
538 2205 809 2263 administrationem
823 2205 954 2262 attribuit
969 2221 1120 2278 omnesque
1135 2203 1193 2264 fere

129 2307 206 2365 viros
234 2307 268 2363 de
294 2305 436 2377 republica
464 2306 529 2363 aute
555 2305 702 2361 Euclidem
729 2304 844 2362 meritos
871 2304 920 2362 illo
943 2321 1055 2362 munere
1078 2305 1191 2363 functos

131 2422 195 2466 esse
226 2405 378 2464 contendit.
428 2406 506 2475 Quae
534 2422 601 2463 vera
630 2421 693 2464 esse
720 2421 800 2462 nemo
828 2405 884 2462 iam
913 2405 1017 2476 credet,
1044 2407 1194 2478 postquam

131 2509 155 2564 l.
184 2507 217 2563 G.
246 2507 375 2578 Droyseu
413 2505 512 2578 quanti
537 2506 670 2563 momenti
697 2505 745 2562 illa
775 2506 868 2563 aetate
894 2505 982 2564 fuerit
1009 2506 1193 2578 magistratus

134 2607 322 2678 strategorum
349 2607 462 2680 egregie
491 2605 693 2664 demonstravit
719 2605 754 2662 cf.
777 2605 873 2662 Herm.
896 2605 937 2661 IX
950 2622 978 2677 p.
1003 2600 1019 2663 1
1044 2620 1105 2678 sqq.
1149 2605 1194 2664 Ne

135 2705 277 2762 exstitisse
300 2707 409 2778 quidem
432 2706 520 2764 rideri
541 2707 606 2763 aute
621 2704 766 2763 Euclidem
785 2705 959 2778 praefectum
973 2705 1194 2763 administratio-

133 2806 178 2863 nis
212 2807 319 2879 primus
350 2806 459 2864 monuit
485 2805 598 2863 Ulricus
627 2798 792 2882 Kochler⁵)‚
827 2805 876 2877 qui
900 2805 1062 2862 testimonia
1095 2807 1129 2864 de
1162 2821 1194 2863 eo

133 2907 302 2980 magistratu
323 2924 378 2965 uon
398 2906 515 2964 inveniri
538 2906 696 2978 antiquiora
709 2904 836 2976 Euclide,
858 2907 923 2964 ante
944 2905 1070 2963 Euclidis
1093 2922 1195 2964 annum

234 3201 259 3268 1)
278 3197 309 3252 cf.
326 3198 359 3252 U.
375 3191 493 3262 Kochler,
510 3199 598 3252 Herm.
616 3199 641 3251 V
656 3215 681 3267 p.
698 3199 755 3252 225.

233 3282 260 3348 2)
277 3281 350 3334 [dem
372 3280 485 3334 officium
507 3286 546 3346 tq}
568 3283 612 3333 ἐπὶ
633 3287 665 3351 τῇ
687 3277 812 3346 διοικήσει
835 3281 915 3335 etiam
939 3281 968 3338 C.
984 3280 1006 3337 I.
1035 3282 1067 3334 A.
1089 3281 1117 3335 Π
1141 3283 1191 3337 275

139 3362 323 3425 committitun
351 3379 374 3418 11.
393 3364 450 3419 254.
466 3379 491 3416 v.
510 3363 541 3416 18
558 3380 612 3432 sqq.
629 3365 678 3414 τὸν
694 3369 793 3430 ταμίαν
808 3370 864 3414 τιῦν
872 3369 1067 3433 στρατιωτικῶν
1076 3364 1196 3433 supplen-

142 3443 204 3497 dum
221 3461 275 3499 esse
291 3448 361 3498 recte
378 3445 515 3499 coniecisse
536 3443 639 3499 videtur
654 3444 757 3498 Eellner
773 3445 790 3500 l.
807 3445 825 3501 l.
841 3463 866 3514 p.
882 3447 939 3501 443.

235 3528 260 3593 3)
279 3527 362 3593 Quem
379 3530 469 3581 contra
485 3527 628 3596 disputavit
645 3527 697 3581 iam
714 3526 784 3582 Guil.
798 3527 912 3591 Oncken,
929 3527 1018 3581 Athen
1035 3527 1089 3580 und
1106 3527 1197 3581 Hellas

136 3607 163 3661 lI
179 3626 205 3677 p.
223 3609 280 3664 286.
290 3625 365 3676 ,nunc
383 3608 413 3662 cf.
431 3610 534 3664 Eellner
550 3609 567 3664 l.
584 3610 601 3662 l.
618 3628 644 3679 p.
661 3611 711 3664 384
727 3627 781 3678 sqq.

235 3693 262 3758 4)
279 3691 465 3758 Aristophanes
480 3690 534 3744 und
550 3691 591 3745 die
607 3691 761 3746 historische
778 3690 858 3744 lmitik
874 3689 943 3759 Lips.
955 3691 1020 3746 1873
1036 3709 1061 3760 p.
1080 3691 1129 3745 136
1147 3693 1195 3744 cet.

136 3771 167 3828 cf.
185 3787 293 3826 censura
313 3773 347 3825 H.
365 3770 465 3827 Gclzeri
485 3773 606 3828 Bursiani
624 3773 764 3842 jahresber.
786 3773 804 3826 l.
825 3773 842 3828 l
859 3790 884 3841 p.
906 3773 969 3828 1008
986 3788 1040 3841 sqq.
1061 3773 1125 3828 1024
1142 3790 1197 3842 sqq.

136 3854 156 3909 I.
174 3853 207 3909 H.
222 3853 306 3922 Lipsii
322 3852 383 3909 ibid.
403 3856 468 3910 1360
483 3872 537 3924 sqq.

236 3937 262 4003 5)
289 3935 429 3990 Urlrunden
451 3937 506 3990 und
532 3937 761 4006 untersuchuugen
782 3953 828 3991 zur
850 3937 937 4006 gesch.
964 3935 1009 3991 dee
1038 3935 1196 3993 delisch-att.

136 4017 235 4073 bunder
253 4035 282 4073 ex
299 4021 478 4075 commentatt.
496 4019 567 4075 acad.
583 4019 666 4076 Berol.
686 4021 757 4075 1869.
775 4020 859 4076 Berol
881 4020 944 4075 1870
959 4037 984 4088 p.
1004 4021 1060 4072 151.
