2946 4602
152 436 369 519 πενταετηρίδα
389 440 432 498 vel
446 441 565 514 primum
581 441 794 513 quadriennium
807 441 871 498 inde
886 440 921 497 ab
936 440 978 498 Ol.
997 437 1065 512 110,
1087 438 1107 500 3
1122 454 1211 514 usque

152 543 189 600 ad
228 537 304 612 111,
351 537 372 600 2
404 541 496 614 ipsum
527 541 661 599 habuisse
699 535 756 617 την
795 536 954 617 διοίκησιν,
996 557 1062 598 nam
1106 542 1139 624 de
1156 581 1157 585 ,
1177 559 1211 600 ea

151 637 247 716 lege¹)
283 641 412 699 dubitare
447 658 502 713 qua
529 657 609 713 quem
639 641 715 699 ultra
743 643 877 714 quattuor
905 658 993 700 annos
1021 641 1069 698 illo
1097 623 1212 700 munere

152 743 233 816 fungi
253 742 371 800 vetitum
391 741 480 799 fuisse
500 742 634 799 narratur
659 743 689 799 in
709 741 767 800 vita
788 743 911 815 Lycurgi
920 737 956 820 2),
984 758 1098 800 oausam
1123 741 1211 800 habe-

152 859 214 900 mus
237 841 344 899 nullam
366 841 402 900 cf.
424 841 461 898 H.
485 840 595 914 Sauppe
616 843 653 899 ad
674 841 707 899 0.
729 843 763 900 A.
785 837 899 902 11262
920 842 946 900 b.

254 943 423 1015 Priusquam
438 943 475 1000 ad
489 958 590 999 munus
612 941 669 999 τοῦ
691 937 739 998 ἐπὶ
754 941 795 1020 τῇ
810 936 950 1018 διοικήσει
970 943 1128 1003 accuratius
1143 942 1211 1002 defi-

153 1043 285 1102 niendum
306 1043 510 1116 transgrediar,
539 1058 630 1115 pauca
656 1043 690 1100 de
711 1042 790 1100 initio
803 1035 888 1100 'vitae
908 1043 1033 1119 Lycurgi
1053 1044 1211 1118 praemitto,

151 1142 200 1201 ubi
221 1143 307 1201 verba
328 1142 461 1216 leguntur
480 1143 565 1200 haec:
593 1185 726 1201 .....
758 1139 806 1198 καί
836 1138 1212 1220 caclatascaelata

154 1238 297 1318 διοίκησιν
332 1242 393 1299 τῶν
422 1234 602 1320 χρημάτων·
643 1237 754 1316 ταμίας
787 1237 842 1320 γὰρ
880 1237 993 1320 ἐγένετο
1037 1240 1085 1300 ε’πὶ
1130 1247 1210 1322 τρεῖς

155 1339 386 1421 πενταετηρίδας
418 1334 572 1399 ταλάντων
601 1337 720 1420 μυρίων
752 1338 997 1420 τετρακισχιλίων
1032 1343 1097 1401 κτλ.
1171 1345 1212 1401 sio

155 1443 247 1500 verbis
270 1459 287 1500 a
307 1443 435 1516 plurimis
456 1443 505 1514 qui
526 1442 612 1500 vitam
626 1441 749 1514 Lycurgi
763 1443 920 1500 accuratius
935 1444 1095 1502 tractarunt
1109 1443 1210 1501 distin-

155 1543 209 1600 ctis
223 1543 357 1615 imprimis
373 1560 389 1600 a
405 1542 576 1615 Kiesslingio
591 1540 611 1599 l.
621 1540 638 1598 l.
648 1559 674 1614 p.
684 1539 724 1611 2.,
740 1559 757 1598 a
770 1541 983 1602 Westermanno
999 1541 1104 1623 Βιοηρ.
1114 1541 1212 1616 palo
1252 1544 1257 1554 ⁴

153 1661 178 1701 v.
196 1638 215 1702 8
231 1659 290 1715 sqq.
306 1643 343 1701 cf.
357 1642 395 1700 M.
411 1642 448 1700 Η.
463 1643 496 1700 E.
512 1643 607 1712 Maior,
623 1643 799 1699 commentat.
815 1642 849 1699 de
870 1643 918 1703 vit.
934 1644 1002 1717 Lyo.
1025 1661 1053 1717 p.
1068 1645 1118 1701 ΙΧ.
1135 1645 1211 1703 XIV.

252 1744 312 1800 Iam
339 1743 461 1800 Meierus
483 1743 558 1801 recte
580 1743 724 1800 adnotavit
745 1742 905 1815 genetivum
927 1761 990 1801 cum
1010 1760 1078 1801 voce
1100 1739 1214 1818 ταμίας
1286 1759 1288 1764 ·

152 1843 247 1914 inepte
269 1843 446 1900 coniunctum
475 1859 538 1901 esse
567 1843 721 1916 offensioni,
757 1843 874 1901 coniecit
902 1843 990 1916 igitur
1018 1839 1130 1919 ταμίας
1156 1839 1211 1922 ηὰρ

153 1937 266 2019 ἐγένετο
300 1937 347 1998 ἐπὶ
379 1935 404 2020 μ’
434 1938 665 2021 πενταετηρίδας
701 1938 871 2019 [δημοσίων
901 1937 1072 2023 χρημάτων
1082 1963 1089 1989 .·
1104 1934 1212 2017 ὅντων]

153 2034 308 2099 ταλάντων
322 2039 440 2120 μορίων
454 2041 518 2098 κτλ.
555 2042 731 2101 scribendum
747 2059 817 2101 esse.
854 2041 924 2100 Mihi
938 2060 1003 2102 vero
1026 2043 1214 2102 consideranti

154 2142 239 2200 etiam
267 2141 330 2199 aliis
356 2141 426 2202 locis
456 2143 616 2200 contextum
637 2143 710 2200 vitae
732 2143 855 2216 Lycurgi
877 2159 910 2201 ex
932 2144 1043 2204 decreto
1066 2142 1212 2201 Stratoclis

153 2241 355 2315 amplificatum
377 2259 439 2300 esse
454 2242 564 2300 videtur
579 2241 634 2300 alia
649 2243 694 2300 via
710 2259 772 2300 esse
786 2243 1030 2316 progrediendum,
1052 2244 1213 2302 contextum

153 2342 227 2400 enim
248 2359 330 2414 quem
350 2341 470 2414 legimus
492 2357 548 2399 non
569 2343 721 2415 genuinum
747 2342 796 2400 sed
832 2342 1020 2401 additamento
1065 2342 1213 2401 dilatatum

153 2458 218 2500 esse
240 2441 369 2512 arbitror,
392 2458 457 2515 ergo
479 2441 600 2513 priscam
615 2442 732 2499 formam
747 2442 876 2514 suspicor
897 2441 987 2502 fuisse
1001 2443 1088 2500 hano:
1110 2438 1158 2498 καὶ
1175 2437 1213 2519 δὴ

155 2535 394 2616 πιστευσάμενος
427 2537 483 2617 τὴν
516 2537 660 2617 διοίκησιν
695 2541 757 2598 τῶν
787 2534 959 2619 χρημάτων
995 2538 1123 2616 [ταμίας
1157 2537 1213 2622 γὰρ

154 2636 281 2718 ἐγένετο]
311 2637 359 2698 ε’ττί
387 2645 465 2721 τρεῖς
487 2637 718 2720 πενταετηρίδας
739 2635 893 2698 ταλάντων
907 2638 1025 2720 μυρίων
1039 2640 1120 2712 κτλ.;
1142 2659 1214 2715 quae

153 2741 248 2814 paullo
269 2743 335 2814 post
356 2742 512 2814 sequuntur
533 2737 660 2799 ἐποιεῖτο
676 2737 732 2817 τὴν
747 2737 901 2817 διοίκησιν,
921 2741 1017 2799 addita
1031 2757 1094 2798 esse
1109 2743 1213 2800 conicio

155 2841 191 2899 ab
206 2858 237 2900 eo
252 2841 301 2914 qui
323 2842 482 2899 contextum
504 2841 701 2913 amplificatum
723 2840 912 2900 dilucidiorem
934 2842 1049 2899 reddere
1071 2841 1214 2912 studeret,

155 2941 241 3000 verba
268 2943 361 3000 autem
390 2938 502 3016 ταμίας
529 2936 584 3018 γὰρ
614 2935 727 3017 ἐγένετο
756 2941 791 2998 ab
820 2958 852 2999 eo
879 2940 1080 3013 interpolatore
1106 2941 1215 2999 inserta

156 3057 233 3111 esse,
266 3041 314 3113 qui
341 3041 396 3098 alia
422 3057 532 3113 quoquo
559 3042 748 3100 additamenta
777 3058 810 3100 er
838 3042 948 3099 decreto
982 3042 1057 3099 vitae
1085 3041 1214 3100 adiuncto

155 3141 266 3212 adiecit,
282 3158 315 3198 ea
330 3158 360 3200 re
374 3141 407 3198 fit
417 3139 624 3211 verisimilium,
647 3142 721 3214 quod
737 3139 830 3214 paullo
846 3142 910 3214 post
932 3139 1051 3199 altorum
1070 3158 1215 3200 numerum

155 3241 345 3315 pecuniarum,
378 3257 479 3300 nomen
504 3240 650 3298 Stratoclia
684 3243 736 3299 cet.
770 3241 805 3299 ab
835 3241 931 3299 eodem
959 3241 1159 3313 interpolatore
1186 3242 1216 3298 in

156 3342 230 3399 vitae
259 3342 376 3415 stirpem
402 3341 563 3415 primariam
591 3341 694 3399 iniecta
721 3357 783 3398 esse
806 3341 1066 3400 demonstravimus.
1111 3341 1216 3398 Contra

155 3441 247 3499 minus
262 3441 405 3514 probabile
419 3441 529 3499 videtur
550 3442 635 3499 verba
656 3437 768 3515 ταμίας
781 3435 836 3520 γὰρ
852 3436 965 3518 ἐγίνετο
980 3457 1013 3498 er
1028 3439 1116 3498 altero
1132 3439 1211 3498 fonte

156 3557 238 3614 quem
260 3541 503 3600 accuratissimum
524 3541 703 3614 cognovimus
725 3541 848 3598 fluxisse.

256 3641 355 3714 Opinio
378 3659 460 3714 quam
483 3639 586 3712 protuli
608 3641 660 3698 hac
674 3657 705 3698 re
719 3640 862 3698 firmatur:
885 3640 959 3713 apud
972 3639 1115 3709 Photium,
1133 3655 1215 3710 quern

157 3743 213 3801 iam
236 3759 321 3815 supra
348 3741 508 3814 ampliorem
534 3741 694 3799 contextum
722 3741 834 3813 saepius
861 3757 917 3797 non
939 3739 1130 3811 imprudenter
1153 3738 1213 3797 sive

256 3903 281 3970 1)
300 3900 331 3954 of.
348 3917 412 3970 quae
428 3905 504 3964 recte,
525 3903 556 3954 ut
576 3900 685 3964 videtur,
707 3916 738 3954 ea
758 3900 863 3969 delego
899 3898 1015 3968 exposuit
1048 3900 1079 3950 A.
1096 3897 1216 3953 Schaefer

187 4027 190 4036 .
226 3984 281 4052 Ip.
302 3984 490 4046 176λ177α.4.

256 4067 283 4135 2)
300 4065 376 4119 Falso
392 4065 430 4118 ibi
444 4071 609 4136 πενταετηρίς
626 4064 827 4136 quinquennium
844 4062 978 4136 accipitur.
