2946 4602
721 232 742 296 6

212 403 348 474 adfertur,
378 403 427 461 sed
456 403 514 461 veri
541 402 657 460 similior
684 404 795 462 videtur
822 403 878 463 alia
908 405 1055 476 explicatio
1077 404 1119 462 eis
1141 406 1269 478 quaeda

211 503 358 563 Aeschinis
380 503 449 578 fuga
470 505 592 576 sequimi
592 520 626 560 ur
648 503 781 562 conlatis:

309 603 429 662 Plutvi
428 603 610 662 tDemosth
625 622 651 662 v.
668 601 709 665 90
724 621 785 678 sqq.
801 605 838 662 W
859 606 928 663 haec
942 604 1091 679 legrmtur:
1107 597 1269 682 φεύγοντος

212 698 244 761 δὲ
271 700 423 780 Αισχίνου
450 697 529 779 μετὰ
561 699 617 780 τήν
648 700 860 782 καταδίκην“
847 723 930 786 ιππῳ
961 701 1134 773 κατεδίωξεν
1161 697 1266 778 αύτὸν,

211 805 269 862 τού
297 799 489 888 δοῖηθίντος
523 796 616 862 αύτὸν
652 799 921 880 συλλαμβάνεσθαι
961 802 1009 861 καὶ
1043 798 1270 885 προσπεσόντος
1305 851 1306 854 ι

209 901 258 961 καί
294 899 571 982 συγκαλυψαμένου
604 898 781 982 ἀναστήσας
807 899 900 963 αύτὸν
937 890 1186 985 παρεμυθήσατο
1219 903 1268 963 καὶ

211 997 356 1062 τάλαντον
378 999 482 1062 ἔδωκεν
504 999 649 1085 ἀργυριόυ
663 1006 783 1090 Photius
804 1007 904 1065 iisdem
917 1005 1011 1080 paullo
1032 1005 1124 1066 fusius
1145 1007 1268 1066 narratis

210 1107 279 1164 haec
294 1106 420 1164 adiunxit
439 1102 516 1186 (493
532 1106 551 1164 b
571 1102 611 1166 39
633 1101 727 1184 sqq.):
743 1100 843 1186 φέρειν
859 1101 1268 1184 δὲγενναίυιςΔημοσθένους

211 1199 438 1281 ἀποτιθεμένου
454 1199 541 1286 αύτῷ
556 1201 611 1282 τήν
625 1202 733 1286 φυγήν,
749 1203 796 1263 καὶ
813 1207 878 1275 παῖς
893 1199 928 1264 ἀν
943 1202 1100 1283 δυναίμην,
1116 1203 1268 1283 Αἰσχίνης

212 1301 279 1387 ἔφη,
295 1299 440 1384 τοιαύτης
455 1299 715 1385 ἀποστερούμενος
730 1301 851 1380 πόλεως,
871 1293 935 1387 ἕνῇ
953 1303 1002 1363 ναὶ
1018 1301 1090 1375 τοὺς
1105 1303 1269 1376 δοκοῦντας

212 1401 346 1487 ἐχθροὺς
368 1399 439 1465 εἶναι
462 1408 522 1466 τῶν
544 1401 692 1483 ἀλλαχόθι
714 1404 808 1488 φίλων
824 1400 1019 1490 χρηστότητι
1040 1404 1089 1464 καὶ
1103 1400 1267 1484 καλοκάγα-

211 1505 269 1588 eq
282 1500 374 1588 εύρεῖν
395 1503 714 1589 ἐστιν’διαηέροντυςγ
736 1526 790 1581 quo
812 1509 841 1567 in
864 1509 1065 1567 sententiarum
1079 1510 1176 1566 tenore
1190 1508 1267 1567 Pho-

210 1610 280 1667 tium
293 1610 408 1682 praeter
418 1609 617 1668 Plutarcheam
631 1609 822 1667 narrationem
835 1626 919 1682 quam
934 1625 985 1667 suo
1000 1625 1077 1667 more
1088 1607 1269 1681 amplificavit
1368 1659 1371 1664 .

211 1710 295 1768 etiam
317 1709 402 1768 alium
423 1710 529 1768 fontem
551 1711 616 1768 ante
638 1709 732 1768 oculos
752 1710 885 1768 habuisse
905 1710 937 1767 ut
951 1709 1084 1767 coniciam
1098 1710 1268 1768 memorent

210 1827 309 1868 versus
332 1807 371 1872 37
395 1827 468 1884 sqq„
490 1810 592 1882 quibus
607 1811 673 1869 ante
694 1811 888 1870 Demosthenis
911 1810 1044 1868 solacium
1062 1809 1268 1882 Aeschinisque

211 1911 419 1985 apophthegma
433 1911 502 1970 hacc
516 1911 636 1986 praemit
636 1911 735 1969 tturun
773 1902 845 1968 οδε
865 1903 1083 1990 καθύπερ”
1065 1929 1205 1988 εφημεν
1225 1943 1268 1952 --

211 2201 252 2256 bis
267 2205 309 2268 τῴ
325 2198 488 2255 Μακεδόνων
504 2204 609 2274 ἡγεμόνι
627 2205 705 2268 auxit,
722 2195 749 2257 id
769 2204 837 2274 quod
853 2205 927 2259 facile
944 2221 973 2260 er
994 2204 1031 2259 eis
1047 2219 1111 2272 quae
1128 2206 1269 2273 sequuntur

212 2284 361 2339 concludere
381 2287 490 2354 poterat,
511 2303 572 2340 nam
595 2287 674 2342 etiarn
694 2287 818 2342 Photium
838 2288 866 2341 in
887 2287 1025 2356 exemplari
1047 2303 1093 2341 suo
1114 2286 1183 2340 idem
1200 2285 1268 2355 quod

212 2366 281 2422 Plut.
307 2368 339 2421 16
360 2367 567 2440 Wldrwrdrpcp
593 2375 634 2422 καὶ
661 2367 831 2441 Κασσάνδρῳ
854 2372 938 2424 exstat
956 2370 1058 2440 legisse,
1074 2368 1158 2423 solum
1180 2371 1267 2423 autem

213 2448 282 2503 hunc
303 2466 378 2520 quem
400 2451 453 2504 iam
473 2454 551 2507 antea
579 2455 820 2507 commemoraverat
846 2452 991 2516 nominasse
1020 2451 1154 2506 adfirmare
1184 2451 1267 2505 ausim

211 2531 253 2598 (ci.
269 2531 334 2587 illud
350 2533 417 2584 κατὰ
432 2540 476 2601 τῆς
492 2532 593 2589 πόλεως
609 2551 668 2589 cum
684 2535 720 2590 eis
736 2552 800 2605 quae
816 2534 973 2590 Plutarchus
990 2534 1116 2604 copiosius
1131 2533 1267 2603 perhibet),

212 2617 348 2670 tumuere
375 2615 454 2670 etiam
476 2617 649 2672 Cassandrum
674 2617 765 2672 ducem
786 2617 955 2672 Macedonum
976 2618 1055 2673 tuisse
1080 2633 1160 2686 aeque
1188 2618 1267 2685 atque

211 2698 379 2767 Antipatrum
395 2716 472 2769 quem
487 2700 598 2754 Photius
606 2701 771 2756 Macedonem
788 2703 895 2754 noverat
909 2698 950 2769 (ci.
968 2717 989 2754 e.
998 2717 1024 2769 g.
1040 2701 1091 2756 494
1108 2701 1175 2768 b13)
1192 2699 1267 2755 facile

212 2781 361 2836 concludere
383 2782 484 2852 potuit3
510 2783 582 2837 Plut.
603 2784 736 2838 Demosth.
762 2786 810 2840 147
833 2800 887 2853 sqq.
908 2783 971 2838 haec
991 2783 1125 2852 leguntur:
1160 2779 1266 2835 καταλι-

211 2863 271 2916 πιδν
293 2865 495 2933 ὁΔημοσθένης
515 2867 565 2931 τήν
586 2863 666 2918 πόλιν
688 2869 766 2936 ἔφυγε
790 2883 854 2936 quac
874 2865 985 2921 Plotius
1004 2868 1055 2920 494
1075 2865 1092 2920 b
1112 2867 1142 2919 15
1163 2882 1217 2935 sqq.
1235 2865 1266 2920 de

212 2961 258 2998 suo
275 2947 443 3015 amplificasse
459 2948 498 3001 ite
514 2945 665 3001 καταλιπών
681 2949 730 3015 τήν
738 2945 799 3016 μηδ)
810 2949 903 3014 ἑαυτήν
921 2945 1069 3016 δυναμένην
1086 2954 1170 3000 σεῖσαι
1187 2945 1267 3000 πόλιν

211 3030 290 3098 ἔφυγε
311 3046 340 3082 ex
361 3028 398 3084 eis
419 3031 502 3085 elucet
525 3047 589 3100 quae
611 3031 801 3100 subsequuntur
820 3031 993 3086 aPlutarcho
1014 3031 1083 3085 hunc
1103 3030 1131 3084 in
1160 3029 1265 3084 modum

210 3110 322 3165 breviter
338 3115 442 3166 narrata
458 3119 564 3184 πρῶτον
580 3117 629 3182 μὲν
651 3113 684 3168 είς
702 3115 818 3183 Αἴγιναν
840 3115 883 3165 ἐπὶ
905 3115 935 3166 τὸ
954 3114 1079 3166 Αἰάκειον
1096 3114 1149 3183 [ἐπὶ
1164 3115 1196 3166 τὸ
1215 3112 1266 3164 Αἰ-

210 3194 299 3244 άκειον
328 3210 378 3248 0111.
400 3195 486 3264 Phot.]
510 3193 706 3264 καθεδούμενος,
730 3195 854 3266 φοβηθεὶς
876 3192 903 3247 δὲ
926 3195 959 3248 εἰς
980 3187 1133 3267 Καλαυρίαν
1156 3199 1266 3264 μετέστη

209 3274 341 3328 aPhotio
364 3277 489 3332 494b16
505 3295 559 3347 sqq.
581 3279 669 3348 inepte
691 3279 728 3332 sic
750 3279 873 3333 dilatata:
904 3283 945 3331 καὶ
968 3285 1076 3350 πρῶτον
1098 3282 1148 3348 μὲν
1172 3277 1266 3348 Αἰγίνη

211 3358 312 3423 ἐπέστη,
336 3355 393 3409 εἶτα
418 3358 491 3410 κάκεῖ
507 3361 555 3427 τήν
572 3359 653 3431 ἀργὴν
670 3359 803 3414 Φιλίππου
821 3359 910 3416 δεδιώς
926 3360 961 3413 εἰς
977 3359 1130 3431 Καλαβρίαν
1149 3365 1266 3430 μετέστη.

210 3439 318 3508 denique
334 3440 362 3493 in
378 3444 492 3496 extrema
507 3442 562 3496 vita
578 3442 723 3512 Hyperidis,
748 3443 776 3496 in
793 3461 844 3513 quc
860 3444 983 3499 Photium
1000 3461 1065 3514 quae
1081 3443 1182 3498 invenit
1208 3458 1268 3497 con·

209 3521 316 3576 nense
338 3523 498 3592 apertissime
521 3525 636 3594 adparet,
659 3526 722 3580 haec
743 3529 833 3581 contra
854 3543 918 3597 quae
939 3526 1008 3596 apud
1029 3526 1099 3581 Plut.
1118 3527 1158 3581 38.
1176 3527 1210 3581 39
1226 3542 1267 3580 ex-

210 3605 295 3658 stant:
318 3604 404 3669 ἀχθεὶς
426 3607 673 3680 πρὸςΆντίπατρον
694 3611 903 3710 βασανιζόμενος
932 3607 1034 3680 διέφαγε
1068 3611 1116 3676 τήν
1145 3606 1267 3703 γλοῖτταν

209 3685 278 3738 ὡστε
290 3685 372 3756 μηδὲν
390 3691 502 3753 ἐξειπεῖν
517 3695 573 3742 ταῖν
590 3697 635 3756 τῆς
624 3689 782 3745 οπύλευις
767 3693 925 3762 ἀπορρήτων
943 3690 1089 3759 δυνηιλῖγναι
1106 3709 1165 3746 cum
1181 3692 1267 3761 ipsum

210 3769 404 3838 amplificasse
396 3789 423 3825 m
445 3774 581 3843 propatulo
598 3775 649 3828 est:
667 3774 698 3829 ci
720 3774 797 3827 Phot
819 3775 869 3829 496
894 3793 910 3830 a
938 3777 971 3831 30
987 3792 1042 3845 sqq.
1058 3776 1266 3844 βασανιζόμενος

210 3851 289 3922 ἐφ’*
269 3878 291 3923 ῳ
310 3855 344 3906 τὰ
360 3853 497 3928 ἀπόρρητα
511 3861 555 3922 τῆς
571 3853 706 3908 adicere&
693 3859 807 3920 ἐξειπεῖν
823 3859 867 3909 ἐπὶ
883 3865 1010 3910 τοσοῦτον
1026 3878 1059 3925 ην
1061 3855 1168 3929 δρίσατσ
1184 3853 1266 3926 μηδὲν

209 3939 276 3988 κατὰ
291 3944 336 4004 τῆς
352 3943 433 4009 πατρί
422 3935 476 3993 idos
492 3939 636 4002 ἐξειπεῖν“
619 3939 687 3990 cioca
704 3942 746 3989 καὶ
763 3939 811 4005 τὴν
818 3936 937 4008 γίαῖτταν
955 3937 1186 4012 διέφαγενὶἀᾳυοά
1194 3955 1268 4011 prae·

210 4020 283 4089 cipue
300 4036 330 4074 ex
345 4020 421 4075 verbo
438 4023 551 4084 ἐξειπεῖν
566 4020 606 4076 bis
622 4021 706 4090 posite
723 4020 845 4090 sequitur.
