2946 4602
738 219 758 284 9

202 384 278 444 infra
300 385 436 458 elucebit3
458 387 500 444 ia
526 403 582 459 qua
609 389 653 445 est
679 387 793 446 licentia
821 404 854 445 ca
881 403 953 460 quac
980 387 1074 460 paullo
1102 387 1168 446 ante
1189 388 1264 460 apud

203 484 387 544 Plutarchum
409 488 522 546 exstant
544 504 571 544 v.
593 482 614 546 4
636 504 679 558 sq.
702 479 829 562 καθήκει
850 482 905 566 γὰρ
928 484 968 555 εἷς
991 481 1085 546 αὐτον
1106 487 1209 558 omisit,
1231 504 1265 546 ea

203 587 298 644 autem
312 602 384 659 quae
399 588 569 646 antecedunt
583 587 748 646 brevissima
763 604 796 645 ac
811 588 932 661 genuina
952 587 1028 645 Plut.
1044 605 1069 646 v.
1084 584 1105 649 3
1120 603 1162 659 sq.
1178 577 1219 655 dg
1234 581 1264 643 δ’

198 677 365 755 Ἑλλάνικος
392 683 440 743 καὶ
469 681 530 745 ἀπὸ
553 679 668 766 Ἑρμοῦ
695 705 745 746 suc
773 704 849 746 more
871 688 989 746 dilatata
1010 687 1115 746 tumido
1138 703 1265 745 sermone

203 786 244 844 sic
265 787 400 845 reddidit:
428 779 595 856 Ἑλλάνικος
610 781 645 844 δέ
657 805 733 868 φησι
755 785 802 844 καί
826 783 900 856 τοὺς
919 780 1023 866 πόρρω
1046 788 1103 864 τῆς
1122 781 1262 864 γενέσεως

204 879 328 961 ὀχετοὺς
350 878 428 963 ἥκειν
448 885 489 956 εἷς
510 881 604 946 αὐτὸν
626 885 657 958 ἐξ
674 880 799 967 Ἑρμοῦ.

301 987 354 1046 Sed
375 989 445 1046 haec
467 988 581 1046 mineris
603 989 669 1046 sunt
683 989 825 1059 momenti,
847 987 1050 1047 Ballhcimerus
1066 1004 1177 1060 queque
1192 1005 1260 1045 σοα-

203 1087 288 1145 cessit
310 1088 385 1146 hunc
399 1089 491 1146 locum
511 1089 658 1146 inlustrari
677 1090 787 1148 demum
802 1089 1051 1162 argumentumque
1065 1088 1130 1145 iude
1145 1088 1264 1160 petitum

202 1187 308 1245 firmari
328 1188 386 1246 vita
407 1189 531 1262 Lycurgi
551 1189 688 1266 inspecta,
711 1206 794 1262 quam
817 1189 882 1263 quia
904 1189 940 1246 ad
960 1188 1134 1260 prepositum
1148 1188 1263 1261 propius

203 1287 311 1345 accedit
331 1288 393 1360 ipse
415 1305 525 1362 queque
546 1290 639 1362 paullo
660 1290 819 1348 accuratius
841 1288 986 1346 tractabo:

304 1386 375 1446 Sunt
397 1391 491 1448 autem
513 1407 585 1463 quae
606 1390 778 1449 Plutarchus
800 1391 829 1447 et
850 1405 922 1462 quae
943 1387 1062 1446 Photius
1085 1387 1225 1446 derebus
1247 1404 1264 1444 a

203 1489 333 1561 Lycurgo
357 1490 447 1562 gestis
470 1490 586 1548 tradunt
606 1490 692 1550 haec:

256 1579 334 1646 Plut.
358 1589 408 1647 vit.
431 1591 552 1664 Lycurg.
575 1583 600 1649 ν.
625 1588 644 1651 8
666 1607 727 1663 sqq.

203 1684 251 1744 καὶ
282 1684 317 1764 δὴ
353 1683 594 1764 πιστευσάμενος
621 1710 677 1766 την
705 1685 778 1747 διοί-

202 1805 289 1864 κησιν
329 1788 389 1846 τῶν
419 1784 600 1868 χρημάτων·
665 1785 778 1865 ταμίας

202 1882 257 1966 γάρ
288 1883 400 1964 ἐγίνετο
423 1885 471 1946 ἐπὶ
492 1883 518 1968 γ’
545 1886 776 1969 πενταετηρίδας

203 1981 356 2045 ταλάντων
393 1985 434 2068 ,ιδ
463 1980 482 2065 τ’]
513 1980 555 2058 ὥς
585 2010 660 2060 τινες
692 1984 777 2074 μηχά

202 2085 251 2145 καί
273 2081 289 2147 ὅ
312 2071 367 2157 τὰς
390 2084 482 2164 τιμάς
501 2081 588 2170 αὐτῷ
602 2083 776 2170 ψηφιζόμε-

204 2207 253 2258 νος
274 2185 470 2268 Στρατοκλῆς
491 2181 646 2270 δρητωρ,
670 2185 706 2249 τὸ
720 2185 776 2266 μίν

205 2289 326 2368 πρῶτον
361 2283 493 2368 αἱρεθείς
529 2284 633 2363 αὐτός,
675 2284 787 2348 ἔπειτα

204 2390 266 2446 τῶν
300 2384 396 2470 φίλων
430 2385 674 2469 ἐπιγραψάμενός
710 2412 777 2450 τινα

205 2482 299 2558 αὐτὸς
325 2486 453 2548 ἐπονεῖτο
481 2486 537 2567 τὴν
564 2487 708 2568 διοίκησιν
730 2488 779 2549 διὰ

205 2584 241 2647 τὸ
268 2583 392 2670 φθάσαι
425 2584 515 2666 νόμον
542 2589 702 2670 εἰσενεγκεῖν
732 2587 777 2668 μὴ

204 2685 294 2746 πλείω
317 2684 333 2747 ί
361 2686 437 2748 ἐτῶν
466 2686 574 2749 διέπειν
601 2686 653 2750 τὸν
675 2711 777 2770 χειρο-

204 2785 377 2866 τονηθέντα
408 2787 456 2848 ἐπὶ
486 2789 525 2848 τὰ
546 2785 680 2866 δημόσια
698 2786 778 2870 χρή-

204 2910 300 2964 ματα·
325 2885 373 2948 άεί
392 2885 418 2948 τ’
441 2887 575 2971 ἐφεστὼς
597 2896 661 2960 τοῖς
682 2887 778 2970 ἔργοις

205 2985 347 3048 διετέλεσε
371 2989 418 3048 καί
447 2986 564 3070 θέρους
590 2989 638 3048 καὶ
661 2992 778 3067 χειμῶ-

205 3109 263 3159 νος.

204 3187 251 3247 καί
286 3186 334 3247 ἐπὶ
370 3187 425 3266 τὴν
462 3191 519 3248 τοῦ
554 3185 690 3265 πολέμου
719 3213 779 3249 πα-

204 3288 352 3369 ρασκευὴν
368 3287 594 3370 χειροτονηθείς
607 3287 701 3348 πολλὰ
723 3293 779 3368 τῆς

205 3385 318 3459 πόλεως
353 3383 559 3470 ἐπηνώρθωσε
601 3388 649 3447 καὶ
689 3384 777 3472 τριή-

204 3509 263 3570 ρεις
285 3483 487 3570 παρεσκεύασε
499 3492 554 3571 ’τῷ
571 3484 660 3572 δήμῳ
674 3485 703 3564 ά,
726 3489 775 3549 καί

205 3587 241 3649 τὸ
263 3586 292 3648 ἒν
314 3587 440 3672 Λυκείῳ
460 3584 625 3669 γυμνάσιον
654 3587 776 3668 ἐποίησε

174 3757 177 3765 Δ
204 3688 252 3747 καί
275 3684 421 3770 ε’φάτενσε
442 3688 490 3748 καὶ
513 3687 569 3768 τὴν
586 3688 775 3771 παλαίστραν

205 3783 385 3870 ᾠκοδόμησε
395 3789 444 3848 καὶ
456 3787 492 3850 τὸ
501 3785 778 3850 ε’νΔιονάσουθία-

205 3908 277 3968 τρον
305 3886 478 3949 ἐπιστατῶν
507 3885 683 3950 ἐπετέλεσεν.
727 3913 777 3948 πι-

205 3985 408 4064 στευσάμενος
431 3985 461 4047 δ’
484 3987 514 4048 ἓν
529 3985 775 4071 παρακαταθήκη

855 1588 937 1647 Phor,
960 1606 988 1661 p.
1009 1583 1071 1648 497
1094 1605 1112 1646 e
1132 1583 1153 1648 5
1174 1604 1237 1661 sqq.

826 1685 875 1745 καὶ
908 1683 947 1745 τὰ
975 1689 1032 1764 τῆς
1053 1680 1166 1756 πόλεως
1183 1680 1264 1768 χρή-

826 1807 913 1862 ματα
969 1784 1085 1845 διοικεῖν
1134 1807 1264 1845 καταπι-

826 1883 967 1957 στεαθείς
1003 1883 1052 1944 ἐπὶ
1086 1882 1112 1965 y'
1141 1905 1262 1945 πενταε-

826 1983 953 2067 τηρίδας
981 1983 1059 2044 κατὰ
1081 1982 1117 2045 τὸ
1138 1979 1263 2067 άριστον

827 2089 928 2146 ταῦτα
969 2085 1017 2144 καί
1053 2081 1263 2166 φιλοπονώτα-

827 2208 879 2246 τον
922 2182 1076 2245 ταλάντων
1112 2210 1132 2267 μ
1168 2179 1264 2246 ὄντων

826 2285 874 2345 καί
894 2284 923 2371 Ιδ
944 2281 1126 2369 διῳκήσατο,
1159 2371 1162 2376 Ι

825 3184 1049 3267 χειροτονηθεὶς
1078 3183 1110 3245 δὲ
1135 3183 1182 3246 ἰπὶ
1208 3184 1264 3266 τὴν

828 3290 885 3346 τοῦ
907 3283 1042 3362 πολέμου
1071 3285 1264 3368 παρασκευὴν

826 3379 901 3446 ἄλλα
933 3408 965 3446 τε
999 3381 1093 3445 πολλὰ
1122 3390 1179 3465 τῆς
1206 3381 1263 3446 πά-

825 3487 897 3558 λεως
937 3480 1164 3571 κατερραηκότα
1206 3485 1260 3545 ἒπ-

825 3584 949 3665 ανίλαβε
980 3591 1028 3650 καὶ
1058 3588 1188 3672 τριήρεις
1217 3597 1262 3676 τῷ

825 3682 915 3770 δήμῳ
935 3683 955 3747 ν’
976 3687 1187 3771 παρεσκεύασε·
