2946 4602
671 311 711 375 31

161 494 233 551 quae
261 479 411 554 praecipue
444 481 508 539 inde
537 481 573 539 ab
601 499 674 539 anno
704 482 747 540 Ol.
779 479 879 555 100,3
906 483 996 542 denuo
1031 483 1220 557 solvebantur,

160 581 299 654 recepisse
320 582 450 641 videntur
472 584 555 655 atque
575 582 701 640 adhunc
716 584 837 642 aetatem
850 583 961 641 uidetur
974 585 1125 657 pertinere,
1147 587 1222 658 quod

160 683 237 755 apud
263 682 405 740 Pollucem
427 683 507 753 VlII,
536 678 577 742 97
600 684 694 742 exstat
716 727 723 740 .
747 727 754 740 .
778 727 784 740 .
829 679 862 741 ot*
886 676 959 752 τούς
981 679 1217 765 repoposcerit

161 775 217 850 τὰς
238 778 380 863 εἰσφορὰς
401 779 448 839 καὶ
465 777 504 839 τὰ
521 777 593 859 τέλη
608 775 806 860 ὑπεδέχοντο,
838 785 935 843 eodem
948 787 1074 858 tempere
1087 788 1222 860 pecuniae

160 882 365 956 dispensandae
387 884 508 943 officium
531 884 571 942 eis
592 885 771 943 commissum
792 900 855 942 esse
876 886 1005 943 arbitror.
1026 919 1070 928 -

259 983 289 1041 si
308 983 357 1042 illa
371 985 474 1055 aetate,
497 1001 553 1058 qua
573 985 602 1040 et
614 983 722 1042 tributa
743 985 880 1043 sociorum
902 979 1084 1067 (συντάξεις)
1107 986 1221 1048 uberius

159 1083 287 1142 Athenas
300 1143 302 1148 ,
314 1085 501 1155 confluebant,
529 1087 558 1143 et
578 1081 720 1164 εῖσφσραί
737 1086 850 1157 saepius
870 1087 1092 1160 imponebantur,
1121 1089 1223 1162 quibus

159 1184 190 1241 in
211 1185 373 1243 ordinandis
394 1187 518 1244 rationes
533 1187 618 1258 atque
635 1185 857 1258 computationes
872 1185 1021 1260 diligenter
1034 1187 1221 1248 conficiendae

161 1286 251 1355 erant,
273 1287 299 1346 si
312 1286 366 1344 hac
381 1287 483 1356 aetate,
508 1277 564 1359 qua
579 1277 595 1343 ὃ
611 1282 724 1360 ταμίας
746 1286 803 1342 τοῦ
825 1277 926 1361 δήμου
948 1304 1058 1360 quoque
1072 1289 1221 1348 institutus

161 1385 205 1441 est
234 1385 281 1460 (cl.
309 1385 428 1457 Fellner,
458 1386 476 1444 l.
503 1386 521 1443 l.
551 1403 579 1459 p.
602 1381 667 1446 424
694 1384 778 1463 sqq),
807 1387 961 1459 praecipue
985 1387 1047 1460 ipso
1070 1405 1143 1447 anno
1171 1389 1219 1448 illo

161 1485 302 1543 archontis
317 1485 465 1544 Nausinici
479 1487 564 1544 etiam
577 1487 775 1560 magistratum
797 1481 845 1543 ἐπὶ
868 1487 908 1566 τῇ
931 1480 1072 1564 διοικήσει
1094 1505 1218 1547 summae

161 1585 398 1645 administrationi
432 1587 614 1660 pecuniarum
635 1587 826 1660 praepositum
842 1604 904 1647 esse
918 1604 1043 1658 censeas,
1066 1589 1137 1646 certi
1151 1588 1219 1662 quid

160 1703 299 1760 opponam
327 1704 384 1745 non
404 1688 503 1758 babeo,
531 1687 659 1760 equidem
684 1703 749 1746 vero
775 1689 929 1760 posteriore
951 1689 1044 1747 aetate
1064 1688 1095 1745 id
1114 1689 1221 1747 iactum

63 1826 68 1832 -
160 1802 223 1846 esse
244 1788 356 1847 credere
377 1788 480 1846 malim.
524 1789 712 1862 Pugnandum
733 1805 798 1847 vero
821 1788 931 1847 videtur
953 1805 1014 1847 esse
1036 1789 1134 1848 contra
1156 1805 1221 1848 sen-

158 1888 275 1946 tentiam
302 1887 431 1960 Fellneri,
474 1889 521 1961 qui
547 1890 576 1947 et
604 1890 665 1961 ipse
690 1889 737 1947 illo
765 1905 837 1947 anno
867 1889 1063 1963 magistratum
1098 1884 1147 1946 int
1181 1891 1222 1970 τῇ

160 1980 302 2064 διοικήσει
316 1990 486 2060 institutum,
509 1989 559 2047 sed
579 1991 686 2048 serame
702 1989 844 2047 societatis
858 1991 927 2048 tunc
941 1990 1033 2048 factae
1047 1990 1221 2062 praefectum

160 2105 222 2147 esse
244 2090 388 2148 contendit
407 2077 426 2148 l.
448 2089 466 2147 l.
489 2107 517 2162 p.
539 2086 601 2150 431
625 2107 686 2163 sqq.
701 2090 837 2163 imprimis
860 2086 937 2150 437:
967 2090 1053 2161 „dass
1069 2091 1118 2148 der
1139 2091 1220 2150 ober-

159 2188 269 2248 beamte
289 2191 340 2247 des
361 2191 679 2263 vemechnungswesens
708 2191 769 2248 eine
797 2206 880 2248 cassa
902 2207 937 2248 zu
958 2191 1110 2249 uerualten
1131 2191 1219 2263 hatte,

161 2289 305 2362 bezeugen
317 2291 405 2349 schon
417 2291 461 2348 die
473 2289 577 2363 genade
587 2290 780 2362 gebrauchten
791 2292 876 2348 worte
888 2287 949 2370 (καὶ
966 2286 1117 2365 διανείμας
1133 2331 1140 2348 .
1159 2332 1167 2347 .
1185 2332 1192 2348 .
1211 2332 1218 2348 .

162 2390 205 2462 [in
228 2389 339 2447 decreto
361 2388 543 2466 Stratoclis]).
586 2389 627 2446 Es
654 2390 692 2447 ist
718 2389 763 2447 die
789 2406 872 2448 cassa
892 2406 1031 2464 genesen,
1059 2391 1089 2447 in
1117 2391 1220 2450 welche

163 2489 208 2548 die
229 2489 335 2547 tribute
357 2489 406 2547 der
427 2490 676 2562 bundesgenossen
689 2489 747 2547 und
762 2490 807 2549 die
821 2491 924 2563 gerade
938 2491 1015 2549 nicht
1029 2490 1220 2564 gebrauchteu

163 2590 566 2649 staatseinnahmenflossen.“
581 2622 622 2631 -
636 2590 676 2647 nt
682 2590 774 2648 verbis
782 2591 884 2651 decreti
898 2587 946 2647 καὶ
962 2586 1114 2665 διανείμας
1128 2608 1151 2650 ε.
1161 2609 1188 2664 q.
1197 2609 1220 2649 s.

162 2691 238 2749 hand
259 2708 389 2765 magnam
416 2690 499 2748 fidem
527 2689 704 2747 tribuendam
725 2706 789 2748 esse
808 2691 865 2749 iam
886 2708 972 2764 supra
993 2690 1122 2762 vidimus,
1144 2691 1220 2749 infra

162 2808 233 2850 novo
254 2793 419 2866 argumento
441 2791 622 2849 firmabimus.
666 2790 747 2860 Quod
777 2792 870 2850 autem
898 2791 1000 2849 attinet
1025 2791 1061 2848 ad
1083 2791 1222 2849 aerarium

162 2893 299 2952 sociorum
327 2891 375 2969 (ci.
405 2891 516 2951 llellner
544 2891 564 2948 l.
586 2891 604 2948 l.
627 2908 654 2963 p.
676 2886 760 2967 432),
794 2908 962 2965 quamquam
995 2907 1052 2949 non
1079 2893 1221 2965 expressis

161 2993 254 3051 verbis
275 2993 412 3051 traditum
433 2993 478 3050 est
499 3009 516 3050 a
538 2991 673 3064 strategis
694 2991 724 3048 id
746 3006 808 3050 esse
830 2992 1055 3050 administratum
1064 2988 1096 3067 ¹),
1125 2993 1221 3052 tamen

161 3094 230 3152 haec
245 3095 386 3153 sententia
401 3093 580 3152 verisimilior
595 3109 679 3164 quam
686 3090 810 3150 Fellneri
816 3092 1007 3163 videtur,nam
1022 3085 1054 3148 αἱ
1063 3085 1220 3163 συντάξεις

161 3195 265 3267 partim
287 3211 304 3251 a
326 3194 501 3267 praetoribus
523 3192 568 3252 vel
590 3194 725 3266 strategis
748 3188 903 3268 exacuet),
925 3193 1028 3266 partim
1042 3193 1162 3253 Athenis
1184 3193 1220 3251 ab

162 3354 278 3408 schntzes
293 3355 331 3407 im
348 3355 371 3408 5.
379 3353 435 3421 jh.“
451 3353 480 3407 in
496 3357 673 3410 commentatt.
690 3353 761 3408 acad.
778 3353 862 3408 Berol.
881 3355 945 3410 1876
962 3373 987 3424 p.
1004 3356 1054 3418 45„
1071 3371 1149 3424 quem
1166 3370 1222 3408 sen·

161 3435 273 3489 tentiam
289 3430 379 3505 '„miris
406 3435 605 3491 difficultatibus
635 3436 787 3492 obnoxiem“
810 3453 866 3492 esse
882 3435 980 3491 frustm
997 3435 1086 3491 studet
1114 3437 1221 3505 probare

162 3517 183 3571 I.
192 3517 281 3572 Christ
289 3518 306 3573 l.
317 3518 334 3570 l.
345 3536 371 3586 p.
383 3521 411 3569 ll
423 3518 477 3588 s'qq.
483 3535 558 3588 quem
567 3518 683 3589 seqnitur
691 3518 712 3571 Ι.
717 3519 749 3573 Η.
758 3518 861 3588 Lipsius
868 3518 1021 3573 Kirchhoffli
1028 3519 1223 3573 commentatio·

162 3600 203 3654 nis
220 3617 354 3654 censuram
371 3616 451 3668 agens
466 3601 494 3654 in
511 3601 632 3656 Bursiani
644 3601 758 3670 jehresb.
774 3602 796 3654 t.
812 3601 878 3654 xm
898 3618 922 3655 a.
940 3601 1006 3656 1878
1021 3619 1045 3670 p.
1062 3602 1113 3655 325
1129 3616 1184 3669 sqq.

269 3687 292 3752 l)
308 3682 339 3736 Id
361 3683 429 3753 quod
450 3686 480 3736 A.
504 3684 623 3738 Schaefer
643 3684 675 3739 D.
697 3700 722 3737 u.
740 3701 760 3736 s.
786 3683 840 3737 z.I
863 3701 889 3752 p.
906 3684 940 3737 28
957 3699 1011 3752 sqq.
1019 3685 1047 3737 et
1063 3682 1222 3737 Schoemann

163 3765 206 3823 Gr.
224 3769 254 3821 A.
277 3766 319 3819 11³
336 3784 361 3834 p.
379 3767 428 3820 109
444 3765 654 3820 adfirmaverunt.
689 3766 728 3819 De
744 3766 821 3820 rebus
829 3764 936 3819 citemus
944 3764 1076 3818 societatis
1083 3763 1224 3819 Athenien·

162 3849 229 3904 sium
246 3848 376 3903 fiscalibus
393 3848 449 3916 egit
465 3848 658 3916 GeorgBusolt,
673 3846 717 3901 sed
733 3851 849 3902 nostram
859 3848 1035 3916 quaestionem
1051 3863 1102 3900 non
1118 3846 1222 3901 uberius

162 3935 279 3986 mactans
305 3932 333 3984 in
363 3933 498 3985 comment.
528 3931 582 3984 Der
602 3929 691 3984 aweite
708 3930 795 3984 athen.
813 3929 884 3982 bund
908 3946 928 3983 c.
946 3945 970 3998 q.
992 3947 1012 3984 s.
1029 3929 1058 3982 in
1074 3928 1222 3983 Feckeiseni

161 4014 256 4072 annali.
274 4013 324 4066 vol.
342 4013 425 4082 suppl.
442 4013 500 4066 VH.
518 4030 544 4081 p.
563 4013 612 4067 703
629 4029 682 4081 sqq.

261 4098 288 4164 2)
306 4094 338 4152 cf.
355 4094 449 4149 Busolt
464 4094 484 4151 l.
500 4094 517 4148 l.
536 4111 561 4163 p.
579 4097 637 4149 717.

1120 4179 1156 4237 3*
