2946 4602
730 193 750 258 5

211 364 374 449 ἀφορῶντα
402 367 526 442 μελετᾶν
555 368 626 426 actio
656 367 831 439 significatur
859 367 895 424 cl.
925 366 1008 424 Phot.
1038 361 1100 426 492
1130 384 1147 424 a
1178 364 1195 426 7
1226 385 1268 439 sq.

211 463 285 526 ἀλλὰ
305 465 353 524 καὶ
376 461 429 525 τὸν
444 460 528 542 ὠμὸν
543 463 572 523 ἓν
588 465 632 546 τῷ
646 465 771 541 μελετᾶν
788 460 930 545 ἀπρεπῶς
944 466 1092 540 κινοῦντα,
1114 467 1144 525 in
1159 467 1270 527 actione

209 569 297 642 igitur
323 563 547 628 Demosthenem
561 569 630 626 ante
658 566 802 640 speculum
835 584 865 627 se
893 568 1052 626 exeromsse
1080 567 1226 641 aptissime
1253 585 1270 626 a

210 668 363 727 Plutarcho
385 669 527 738 narratur,
549 668 641 726 verbis
668 668 761 725 autem
783 684 856 741 quae
871 668 946 740 apud
960 667 1143 726 Plutarchum
1158 669 1271 728 exstant

211 764 267 836 τὰς
288 764 411 844 σκέψεις
430 767 585 825 ποιεῖσθαι
605 768 708 840 optime
722 767 1043 828 meditandieuercitatio
1051 767 1227 842 significatur
1235 764 1270 848 ¹),

211 870 361 929 meditatus
376 870 449 927 enim
461 885 523 928 esse
534 868 737 926 Demosthenes
750 884 837 941 prope
847 869 933 926 maris
945 868 1085 926 fremitum
1097 868 1270 942 perhibetur,

211 987 246 1028 ne
268 970 404 1028 contionis
426 970 546 1042 strepitu
567 969 780 1040 obstupefactus
801 971 894 1026 mente
915 968 1078 1027 turbaretur
1094 962 1143 1048 (ἵν’
1158 964 1271 1026 εἴποτε

211 1065 366 1149 θορυβοίη
396 1061 411 1126 ὃ
441 1065 549 1145 δῆμος,
578 1063 624 1146 μὴ
652 1064 802 1147 ἐκσταίη),
834 1068 916 1128 aliter
950 1068 1035 1125 verba
1061 1068 1187 1142 intellegi
1213 1087 1270 1127 non

209 1169 284 1241 licet,
306 1187 474 1242 quamquam
490 1168 591 1226 similia
612 1185 684 1241 quae
699 1186 715 1226 a
731 1169 863 1228 Cicerone
882 1169 916 1227 de
935 1169 983 1226 fin.
1006 1164 1036 1239 5,
1052 1165 1081 1240 2,
1097 1164 1126 1229 5.
1154 1169 1270 1239 Quintil.

211 1271 245 1341 X,
275 1267 304 1342 3,
332 1267 374 1332 30
395 1272 548 1328 narrantur
576 1270 613 1327 acl
630 1285 726 1327 vocem
748 1269 897 1341 strepitum
920 1271 1098 1342 superantem
1119 1269 1269 1342 pertinent.

211 1371 317 1428 Verum
338 1387 373 1428 ne
395 1387 554 1443 premamus
576 1371 686 1442 quidem
709 1369 794 1427 rerba
816 1371 934 1442 oportet,
956 1370 986 1428 in
1007 1369 1175 1427 Plutarcheo
1197 1369 1270 1428 enirn

212 1472 344 1529 contextu
367 1488 400 1530 ex
421 1488 477 1528 uno
499 1471 576 1528 fonte
596 1471 699 1528 hausto
721 1486 900 1542 progressum
915 1471 1053 1542 quendam
1067 1469 1159 1528 inesse
1173 1470 1270 1528 obser-

211 1587 319 1641 vamus,
346 1588 412 1628 nam
433 1588 459 1628 v.
483 1565 524 1631 35
546 1587 589 1642 sq.
612 1571 730 1628 actionis
753 1571 914 1628 exercitatio
942 1569 994 1627 sub
1016 1569 1110 1643 gladio
1133 1586 1270 1642 suspenso

211 1673 354 1742 narratur,
383 1673 443 1729 tum
471 1672 599 1744 sequitur
622 1669 694 1727 actio
717 1672 782 1727 ante
805 1670 949 1744 speculum
970 1671 1102 1729 instituta
1124 1666 1271 1751 (προβαί-

212 1790 300 1828 νοντα
333 1768 370 1847 δὴ
405 1766 483 1828 κατὰ
515 1765 571 1848 τὴν
598 1771 658 1827 τιῦν
684 1763 779 1847 λόγιον
801 1767 888 1847 ἰσχὺν
910 1766 1059 1851 ἔσοπτρον
1079 1767 1167 1850 κτλ),
1196 1787 1269 1844 quac

212 1872 371 1944 progressio
393 1890 410 1929 a
431 1873 542 1942 Photio,
554 1872 602 1944 qui
623 1873 655 1929 ut
677 1871 744 1928 alibi
765 1889 815 1930 suo
838 1873 953 1931 arbitrio
975 1872 1158 1945 transposuit,
1186 1871 1270 1944 plane

212 1971 329 2029 deletur.
351 2005 393 2014 -—
414 1972 474 2030 Nec
494 1972 591 2030 maiori
610 1967 831 2051 Batlheiner02)
853 1973 1002 2044 praesidio,
1023 1973 1052 2029 id
1078 1973 1153 2044 qued
1180 1971 1269 2044 primo

213 2073 314 2131 obtutu
334 2074 455 2131 fortasse
476 2073 637 2143 credideris,
666 2073 719 2131 duo
747 2075 815 2130 sunt
841 2072 896 2132 loci
922 2073 1024 2145 quibus
1052 2073 1127 2130 dicta
1148 2073 1273 2145 Phihppi

211 2173 287 2246 regis
308 2174 337 2232 et
352 2173 500 2232 Aeschinis
514 2172 689 2244 referuntur;
713 2191 831 2246 quorum
846 2173 917 2231 alter
931 2174 976 2232 hic
992 2175 1036 2232 est
1051 2175 1127 2246 apud
1140 2173 1273 2231 Photium

211 2291 240 2347 p.
262 2269 358 2334 493b
380 2270 437 2334 24:
465 2266 609 2350 ἐρομένου
637 2268 670 2329 δὲ
698 2267 791 2330 αὐτόν
820 2274 981 2342 caecrucis
1003 2268 1159 2352 συνήθων,
1195 2269 1270 2340 τίνες

214 2364 248 2428 ἂν
275 2364 328 2431 εἶεν
364 2365 569 2452 πιθανώτεροι
603 2371 651 2430 καὶ
684 2365 883 2453 δυνατώτεροι
915 2368 1006 2451 λόγοι,
1042 2368 1273 2451 Δημοσθένους

213 2464 232 2548 ἢ
252 2466 461 2553 Ἰσοκράτους,
486 2469 543 2554 ἔφη
562 2473 638 2546 κτλ,
662 2492 734 2548 quae
756 2476 852 2533 cadem
873 2476 1044 2534 Plutarchus
1071 2477 1120 2534 sed
1146 2475 1274 2532 breviora

213 2574 321 2646 profert
347 2593 372 2633 v.
397 2573 453 2636 78:
482 2568 576 2634 ἐκάλει
604 2569 637 2631 δὲ
664 2570 737 2642 τούς
757 2569 814 2649 μὲν
836 2569 934 2632 αὐτοῦ
955 2570 1130 2652 λόγους...
1174 2576 1229 2633 Pot
1250 2575 1272 2630 ‘t

213 2674 323 2745 qudem
345 2675 464 2734 Photius
485 2678 517 2734 ut
539 2669 645 2752 aliasl)
668 2675 750 2732 etiam
774 2675 907 2734 hocloco
929 2676 1137 2750 apophthegma
1150 2675 1273 2732 breviter

212 2774 348 2833 traditum
370 2777 554 2850 suoingenio
577 2777 694 2834 dilatare
724 2776 809 2848 atque
839 2793 982 2848 exornare,
1009 2776 1080 2834 nihil
1107 2776 1179 2835 enirn
1207 2774 1272 2833 novi

314 2993 338 3058 l)
360 2991 391 3048 of.
412 2992 483 3046 Plut.
507 2994 644 3046 Demosth.
667 2994 973 3058 c.10,ubiDemadem
1000 3012 1029 3049 ex
1054 2998 1168 3064 tempore
1194 2993 1272 3048 verba

211 3072 301 3128 iecisse
323 3077 443 3128 narratur
465 3072 700 3144 (αὐτοσχεδιάζειν),
723 3080 888 3146 opponuntur
903 3078 1084 3132 Demosthenis
1106 3080 1208 3146 σκέψεις
1229 3078 1272 3126 καὶ

212 3163 378 3226 παρασκευαί.

311 3323 338 3388 3)
355 3321 479 3376 Photium
494 3322 522 3374 in
539 3323 575 3376 eis
592 3339 656 3391 quse
668 3325 766 3378 hadita
778 3325 878 3379 invenit
888 3323 1076 3394 amplificandis
1084 3328 1111 3379 et
1119 3322 1271 3379 exornandis

212 3403 262 3457 sibi
286 3404 412 3472 placuisse
439 3405 529 3458 multis
555 3405 676 3475 exemplis
696 3408 826 3475 probatur,
853 3423 874 3461 e.
896 3425 923 3477 g.
945 3406 1008 3461 haec
1032 3422 1112 3475 pono:
1145 3421 1191 3475 pro
1216 3405 1269 3459 solo

210 3486 339 3540 infinitivo
357 3486 439 3538 εἰπεῖν
465 3487 536 3542 Plut.
562 3487 635 3541 Dem.
653 3490 686 3543 99
703 3490 742 3552 W,
765 3490 810 3558 qui
830 3490 1040 3560 interpolatorem
1061 3488 1137 3556 sapit,
1160 3486 1270 3540 Photius

211 3570 260 3623 494
277 3571 326 3624 a8
346 3570 450 3624 meliore
471 3569 660 3624 constructione
682 3571 799 3626 adhibita
818 3570 971 3640 λοιδορεῖται
992 3571 1075 3623 εἰπεῖν
1099 3569 1197 3638 posuit;
1223 3568 1270 3622 rit.

211 3651 317 3706 Isocrat.
340 3653 389 3708 487
411 3653 427 3706 b
449 3654 482 3706 22
502 3653 579 3706 verba
600 3652 664 3703 ἀνθ’
688 3655 769 3705 αὑτοῦ
785 3652 994 3726 προβαλλόμενος
1009 3653 1116 3716 inmisit,
1133 3655 1194 3705 ante
1212 3649 1270 3702 υἱὸν

211 3733 306 3787 adiecit
327 3735 360 3788 aul
381 3751 474 3789 nornen
491 3735 604 3804 Apharei
625 3738 703 3790 antea
724 3737 756 3790 ab
773 3737 828 3806 ipso
845 3737 959 3790 nondum
976 3733 1168 3790 commemorati
1182 3734 1269 3802 itaque

212 3816 357 3870 accuratius
373 3817 526 3886 designandi
547 3818 628 3870 θετὸν
644 3835 732 3873 vocem
753 3837 783 3874 er
799 3820 836 3874 eis
852 3819 1015 3888 desumptam
1031 3834 1096 3886 quae
1112 3815 1270 3871 antecedunt

211 3899 243 3952 de
265 3899 402 3968 adoptione
426 3900 497 3954 illius
518 3917 542 3956 v.
568 3902 615 3956 141
638 3918 675 3970 sq.
693 3902 724 3956 of.
742 3903 848 3958 90--93,
871 3904 905 3956 94
922 3902 954 3955 W
959 3921 966 3965 ;
988 3900 1034 3954 vit.
1052 3900 1111 3954 Diu.
1129 3917 1152 3953 v.
1169 3901 1187 3954 8
1202 3915 1268 3968 quae

211 3980 366 4036 Plutarchus
382 3983 487 4057 praebet
503 3980 573 4056 ρι’λος
591 3980 618 4033 δὲ
634 3982 803 4057 Κασσάνδρῳ
813 3985 950 4059 γενόμενος
956 3983 1066 4038 Photius
1073 3985 1123 4041 496
1138 3983 1155 4038 b
1176 3985 1271 4040 liver-
