2946 4602
666 229 704 294 13

154 401 204 458 des
226 400 303 457 carte
325 400 410 471 atque
431 415 538 457 mecum
560 400 717 458 consenties
732 417 803 472 quae
821 401 895 474 apud
911 400 1095 461 Plutarchum
1108 402 1209 478 legun·

154 501 201 558 tur
223 499 373 558 dividenda
402 515 464 558 0000
492 499 522 557 in
550 515 583 556 ea
612 516 683 571 quac
709 501 819 559 decreto
850 503 879 559 et
906 519 1033 576 eaquae
1062 503 1147 562 alteri
1167 504 1209 562 illi

154 600 227 659 fonti
249 599 394 657 debentur.
438 600 499 657 Hoc
526 600 613 657 addo:
634 600 798 672 primariam
820 601 937 675 stirpem
957 604 1103 662 Plutarchi
1131 605 1211 662 addi-

153 701 286 758 tamentis
313 715 347 757 ax
373 699 483 758 decreto
511 699 607 771 petitis
634 700 767 770 caruisse,
797 701 821 758 si
849 703 922 761 anim
955 703 1063 776 reliqua
1100 705 1212 763 decreta

155 801 221 859 vitis
243 801 376 858 adiuncta
395 816 457 857 cum
479 800 520 857 eis
543 799 580 856 ad
601 816 672 871 quas
695 801 824 872 spectant
838 802 904 858 ritis
920 818 1123 876 comparamus,
1146 822 1210 863 cum

157 900 342 973 Antiphontis
369 901 429 957 tum
458 900 662 969 Demosthenis,
689 916 724 957 ne
750 901 863 960 minima
893 903 1006 975 quidem
1032 904 1152 977 vestigia
1175 921 1209 962 ex

154 1000 210 1058 illis
232 1001 262 1058 in
283 1001 402 1058 vitarum
423 1016 523 1071 corpus
545 999 697 1071 inrepsisse
726 1001 853 1073 adparet,
875 1019 909 1061 ox
931 1002 1019 1062 altaro
1042 1004 1131 1076 igitur
1153 1004 1211 1063 solo

155 1101 231 1159 fonte
253 1101 397 1172 antiquam
421 1099 536 1172 stirpem
557 1099 673 1157 fluxisse
693 1101 828 1172 suspicor,
851 1119 935 1175 quam
955 1102 1139 1178 interpolator
1161 1105 1210 1162 ds-

130 1203 230 1276 ⁴orato
258 1216 328 1258 usus
356 1199 543 1272 amplificavit.
593 1201 653 1270 Quo
683 1201 785 1273 optime
819 1202 960 1274 quadrant
988 1203 1067 1274 haec,
1102 1202 1212 1262 tollitur

158 1300 319 1370 difficultas,
347 1316 419 1373 quae
446 1300 471 1356 si
498 1298 717 1359 Ballheimerum
743 1301 886 1373 sequimur
913 1303 1037 1373 offendit,
1061 1320 1111 1361 our
1138 1303 1212 1362 anim

159 1402 370 1459 commemorata
396 1401 434 1458 sit
464 1391 648 1476 σκευοθήκη,
676 1403 774 1460 contra
794 1418 831 1460 ne
851 1419 906 1459 uno
929 1403 1041 1474 quidem
1061 1403 1146 1461 verbo
1169 1403 1212 1460 in-

159 1501 251 1558 dicata
271 1500 328 1558 sint
348 1499 491 1558 theatrum
512 1500 676 1573 Dionysium
692 1501 720 1558 et
733 1502 910 1574 gymnasium
924 1497 961 1560 τὸ
974 1497 1052 1559 κατὰ
1066 1495 1211 1575 Λάκειον,

159 1600 257 1659 deinde
286 1600 371 1658 verba
398 1593 445 1655 άεί
471 1593 636 1679 τ’ἓιγεστάις
664 1604 729 1669 τοῖς
750 1595 845 1678 ἔργοις
868 1596 1008 1659 διετέλεσε
1029 1598 1077 1659 καὶ
1097 1596 1214 1681 θέρους

157 1697 206 1757 καὶ
229 1700 377 1776 χειμῶνος
409 1717 577 1772 quamquam
611 1701 685 1773 apud
713 1701 844 1758 Photium
879 1702 1082 1772 desiderantur,
1118 1703 1213 1775 aptius

157 1802 305 1874 primariae
332 1800 414 1872 stirpi
442 1801 582 1858 dedicare
609 1801 689 1858 nohis
718 1801 844 1858 videmur
874 1818 958 1874 quam
988 1803 1103 1861 credere
1123 1803 1212 1860 inter·

42 1965 47 1976 p
158 1901 310 1974 polatorom
332 1917 413 1973 quem
436 1899 503 1958 alibi
524 1899 680 1973 singularia
701 1901 811 1958 tantum
825 1901 934 1960 adicere
948 1901 1066 1960 vidimus
1088 1899 1213 1959 hocloco

158 2002 187 2058 in
208 2001 369 2060 universum
390 2016 462 2073 quae
483 2001 589 2059 invenit
609 1999 831 2073 amplificavisse.

257 2102 338 2158 Hanc
359 2099 445 2174 igitur
466 2101 496 2158 in
516 2101 595 2159 initio
617 2101 691 2159 vitae
712 2101 835 2173 Lycurgi
855 2100 1000 2171 antiquam
1022 2099 1141 2158 formam
1162 2117 1211 2173 op·

159 2202 234 2272 timo,
258 2217 330 2273 quae
353 2201 397 2258 est
418 2200 547 2258 Vitarum
569 2200 741 2272 compositio,
765 2201 960 2258 cohaerentem
983 2200 1118 2259 eruimus:

257 2300 333 2358 Plut.
356 2296 376 2360 8
398 2316 459 2372 sqq.
502 2296 550 2355 καὶ
580 2296 617 2374 δὴ
640 2292 879 2374 πιστευσάμενος
908 2295 964 2376 τὴν
987 2296 1132 2376 διοίκησιν
1154 2301 1215 2357 τιῦν

157 2392 327 2478 χρημάτων
360 2395 486 2480 (ταμίας
518 2394 574 2477 γὰρ
597 2393 724 2477 ἐγένετο)
734 2395 759 2478 1)
790 2396 838 2456 ἐπὶ
868 2402 947 2478 τρεῖς
983 2396 1216 2479 πενταετηρίδας

163 2493 315 2557 ταλάντων
341 2495 381 2583 ,td
424 2542 430 2556 .
477 2542 484 2556 .
531 2541 538 2556 .
582 2493 630 2555 άεί
649 2493 674 2555 τ’
702 2493 838 2578 ἐφεστὼς
865 2502 929 2566 τοῖς
951 2492 1046 2577 ἕργοις
1073 2494 1216 2558 διετέλεσε

161 2598 209 2657 καὶ
232 2594 347 2678 θέρους
375 2597 424 2656 καὶ
452 2598 600 2676 χειμῶνος
629 2595 726 2657 πολλὰ
753 2600 810 2674 τῆς
838 2591 950 2667 πόλεως
972 2590 1180 2677 ἐπηνώρθωσε
1190 2594 1215 2677 ²)

161 2698 209 2757 nal
237 2697 273 2758 τὸ
301 2697 330 2757 ἐν
358 2695 485 2780 Λυκείῳ
514 2691 680 2776 γυμνάσιον
706 2693 829 2774 ἐποίησε
849 2696 903 2760 καὶ,
921 2691 1068 2778 ἐφύτευσε
1088 2695 1137 2756 καὶ
1160 2694 1216 2775 τὴν

161 2797 350 2880 παλαίστραν
371 2793 547 2880 ᾠκοδόμησε
568 2794 616 2855 καὶ
639 2793 675 2856 τὸ
697 2794 727 2855 ἐν
748 2791 903 2855 Διονύσου
924 2792 1059 2877 θέατρον
1089 2794 1217 2855 ἐπιστα-

161 2902 222 2959 τῶν
265 2895 416 2958 ἐπετέλεσε
459 2897 508 2957 καὶ
552 2899 596 2978 τῷ
638 2894 754 2978 σταδίῳ
803 2900 848 2978 τῷ
889 2896 1121 2979 Παναθηναικῷ
1162 2893 1218 2975 τὴν

160 2998 292 3081 κρηπῖδα
319 2994 495 3080 περιέθηκεν
522 2990 751 3078 ἐξεργασάμενος
772 2999 866 3055 τοῦτο
887 2994 935 3055 καὶ
964 2994 1020 3075 τὴν
1051 2991 1218 3078 χαράδραν

160 3101 224 3159 κτλ.

260 3202 348 3271 Quem
374 3202 534 3260 contextum
560 3199 744 3272 interpolator
778 3199 889 3257 decreto
917 3196 1063 3258 Stratoclis
1094 3197 1218 3257 adhibito

162 3301 248 3371 auxit,
281 3301 362 3359 cuius
389 3301 511 3359 eiusdem
543 3298 750 3372 interpolatoris
779 3299 900 3372 vestigia
928 3299 1013 3358 ctiam
1046 3299 1077 3356 in
1108 3298 1218 3370 reliqua

162 3403 238 3460 vitae
266 3403 346 3474 parte
376 3401 561 3474 deteguntur:
598 3417 623 3456 v.
655 3395 696 3459 10
724 3397 796 3456 altar
822 3415 954 3457 numerus
989 3399 1219 3478 pecuniarias

160 3502 289 3574 Lycurgo
316 3501 575 3559 administratarum
608 3515 641 3556 sn
677 3499 789 3557 decreto
826 3498 939 3556 additus
972 3500 1025 3569 est,
1056 3501 1116 3557 tum
1146 3514 1218 3570 quae

261 3761 287 3827 1)
303 3760 343 3813 De
359 3759 408 3812 hoc
425 3759 560 3813 enuntiato
577 3755 644 3810 infra
660 3754 837 3809 iudicabimus.

260 3843 287 3909 2)
303 3841 389 3895 Verba
405 3838 487 3892 πολλὰ
501 3846 547 3905 τῆς
562 3835 662 3892 πόλεως
678 3836 857 3908 ἐπηνώρθωσε
874 3853 936 3890 num
953 3854 983 3891 ex
999 3835 1101 3891 decreto
1117 3840 1221 3906 sumpta

162 3922 216 3976 sint
250 3922 349 3991 ambigi
368 3925 462 3991 potest,
488 3921 552 3975 mihi
573 3937 640 3974 nunc
666 3921 754 3988 aptius
771 3918 847 3988 stirpi
866 3919 988 3988 antiquae
1009 3919 1146 3974 tribuenda
1166 3936 1221 3974 esse

161 4004 289 4068 videntur,
307 4004 351 4058 sed
368 4003 431 4057 haec
445 4003 541 4057 leviora
557 4007 626 4056 sunt.
