<?xml version="1.0" encoding="UTF-8"?>
<!DOCTYPE html PUBLIC "-//W3C//DTD XHTML 1.0 Transitional//EN"
    "http://www.w3.org/TR/xhtml1/DTD/xhtml1-transitional.dtd">
<html xmlns="http://www.w3.org/1999/xhtml" xml:lang="en" lang="en">
 <head>
  <title>
</title>
<meta http-equiv="Content-Type" content="text/html;charset=utf-8" />
  <meta name='ocr-system' content='tesseract 3.04.00' />
  <meta name='ocr-capabilities' content='ocr_page ocr_carea ocr_par ocr_line ocrx_word'/>
</head>
<body>
  <div class='ocr_page' id='page_1' title='image "./delycurgoatheni00droegoog_0023.png"; bbox 0 0 2946 4602; ppageno 0'>
   <div class='ocr_carea' id='block_1_1' title="bbox 782 207 822 272">
    <p class='ocr_par' dir='ltr' id='par_1_1' title="bbox 782 207 822 272">
     <span class='ocr_line' id='line_1_1' title="bbox 782 207 822 272; baseline -0.025 0"><span class='ocrx_word' id='word_1_1' title='bbox 782 207 822 272; x_wconf 89' lang='lat'>14</span> 
     </span>
    </p>
   </div>
   <div class='ocr_carea' id='block_1_2' title="bbox 266 369 1348 2752">
    <p class='ocr_par' dir='ltr' id='par_1_2' title="bbox 267 369 1348 1658">
     <span class='ocr_line' id='line_1_2' title="bbox 272 369 1327 457; baseline -0.002 -19"><span class='ocrx_word' id='word_1_2' title='bbox 272 380 429 452; x_wconf 72' lang='lat' dir='ltr'>sequuntur</span> <span class='ocrx_word' id='word_1_3' title='bbox 454 373 502 434; x_wconf 85' lang='grc' dir='ltr'><em>καὶ</em></span> <span class='ocrx_word' id='word_1_4' title='bbox 533 369 549 435; x_wconf 80' lang='grc' dir='ltr'><strong><em>ὅ</em></strong></span> <span class='ocrx_word' id='word_1_5' title='bbox 579 373 634 446; x_wconf 84' lang='grc' dir='ltr'><em>τὰς</em></span> <span class='ocrx_word' id='word_1_6' title='bbox 660 373 752 451; x_wconf 80' lang='grc' dir='ltr'><em>τιμὰς</em></span> <span class='ocrx_word' id='word_1_7' title='bbox 781 371 868 457; x_wconf 76' lang='grc' dir='ltr'><em>αὐτῷ</em></span> <span class='ocrx_word' id='word_1_8' title='bbox 896 371 1105 457; x_wconf 77' lang='grc' dir='ltr'><em>ψηφιζόμενος</em></span> <span class='ocrx_word' id='word_1_9' title='bbox 1131 374 1327 457; x_wconf 77' lang='grc' dir='ltr'><strong><em>Στρατοκλῆς</em></strong></span> 
     </span>
     <span class='ocr_line' id='line_1_3' title="bbox 272 470 1326 558; baseline 0.004 -22"><span class='ocrx_word' id='word_1_10' title='bbox 272 471 289 536; x_wconf 83' lang='grc' dir='ltr'><em>ὃ</em></span> <span class='ocrx_word' id='word_1_11' title='bbox 311 470 434 558; x_wconf 46' lang='grc' dir='ltr'><em>ρῑήτωρ,</em></span> <span class='ocrx_word' id='word_1_12' title='bbox 457 493 529 550; x_wconf 88' lang='lat' dir='ltr'>quae</span> <span class='ocrx_word' id='word_1_13' title='bbox 550 476 668 536; x_wconf 88' lang='lat' dir='ltr'>alterum</span> <span class='ocrx_word' id='word_1_14' title='bbox 691 477 770 536; x_wconf 90' lang='lat' dir='ltr'>illum</span> <span class='ocrx_word' id='word_1_15' title='bbox 784 493 929 536; x_wconf 89' lang='lat' dir='ltr'>numerum</span> <span class='ocrx_word' id='word_1_16' title='bbox 942 478 1113 554; x_wconf 84' lang='lat' dir='ltr'>respiciunt;</span> <span class='ocrx_word' id='word_1_17' title='bbox 1142 479 1216 537; x_wconf 89' lang='lat' dir='ltr'>infra</span> <span class='ocrx_word' id='word_1_18' title='bbox 1236 497 1262 537; x_wconf 85' lang='lat' dir='ltr'>v.</span> <span class='ocrx_word' id='word_1_19' title='bbox 1285 477 1326 540; x_wconf 77' lang='lat'>32</span> 
     </span>
     <span class='ocr_line' id='line_1_4' title="bbox 272 567 1325 654; baseline -0.003 -17"><span class='ocrx_word' id='word_1_20' title='bbox 272 595 334 652; x_wconf 85' lang='lat' dir='ltr'>sqq.</span> <span class='ocrx_word' id='word_1_21' title='bbox 357 579 446 639; x_wconf 88' lang='lat' dir='ltr'>alieno</span> <span class='ocrx_word' id='word_1_22' title='bbox 467 577 528 636; x_wconf 93' lang='lat' dir='ltr'>loco</span> <span class='ocrx_word' id='word_1_23' title='bbox 549 578 713 636; x_wconf 87' lang='lat' dir='ltr'>invaserunt</span> <span class='ocrx_word' id='word_1_24' title='bbox 733 578 818 636; x_wconf 88' lang='lat' dir='ltr'>haec:</span> <span class='ocrx_word' id='word_1_25' title='bbox 846 567 917 635; x_wconf 73' lang='lat' dir='ltr'>litter</span> <span class='ocrx_word' id='word_1_26' title='bbox 939 571 1141 654; x_wconf 73' lang='grc' dir='ltr'>ἐξαιτηθέντα</span> <span class='ocrx_word' id='word_1_27' title='bbox 1162 571 1255 636; x_wconf 75' lang='grc' dir='ltr'><em>αὐτὸν</em></span> <span class='ocrx_word' id='word_1_28' title='bbox 1275 571 1325 635; x_wconf 72' lang='grc' dir='ltr'>ὑπ’</span> 
     </span>
     <span class='ocr_line' id='line_1_5' title="bbox 267 669 1320 757; baseline 0.001 -21"><span class='ocrx_word' id='word_1_29' title='bbox 267 671 468 757; x_wconf 67' lang='grc' dir='ltr'><em>Ἀλεξανδροα</em></span> <span class='ocrx_word' id='word_1_30' title='bbox 504 679 562 736; x_wconf 80' lang='grc' dir='ltr'><em>τοῦ</em></span> <span class='ocrx_word' id='word_1_31' title='bbox 578 672 730 754; x_wconf 74' lang='grc' dir='ltr'><em>βασιλέως</em></span> <span class='ocrx_word' id='word_1_32' title='bbox 755 669 771 736; x_wconf 81' lang='grc' dir='ltr'>ὁ</span> <span class='ocrx_word' id='word_1_33' title='bbox 800 674 898 753; x_wconf 77' lang='grc' dir='ltr'><em>δῆμος</em></span> <span class='ocrx_word' id='word_1_34' title='bbox 925 671 961 734; x_wconf 83' lang='lat' dir='ltr'>ou&#39;</span> <span class='ocrx_word' id='word_1_35' title='bbox 985 670 1142 756; x_wconf 79' lang='grc' dir='ltr'><em>προήκατο</em></span> <span class='ocrx_word' id='word_1_36' title='bbox 1177 679 1212 736; x_wconf 84' lang='lat' dir='ltr'>cf.</span> <span class='ocrx_word' id='word_1_37' title='bbox 1247 681 1320 737; x_wconf 88' lang='lat' dir='ltr'>decr.</span> 
     </span>
     <span class='ocr_line' id='line_1_6' title="bbox 271 771 1323 858; baseline 0 -22"><span class='ocrx_word' id='word_1_38' title='bbox 271 777 401 837; x_wconf 86' lang='lat' dir='ltr'>Stratocl.</span> <span class='ocrx_word' id='word_1_39' title='bbox 433 773 493 839; x_wconf 90' lang='grc'>196</span> <span class='ocrx_word' id='word_1_40' title='bbox 515 795 587 851; x_wconf 73' lang='lat' dir='ltr'>sqq,</span> <span class='ocrx_word' id='word_1_41' title='bbox 617 778 654 837; x_wconf 91' lang='lat' dir='ltr'>cf.</span> <span class='ocrx_word' id='word_1_42' title='bbox 676 779 760 837; x_wconf 90' lang='lat' dir='ltr'>etiam</span> <span class='ocrx_word' id='word_1_43' title='bbox 780 796 806 836; x_wconf 85' lang='lat' dir='ltr'>v.</span> <span class='ocrx_word' id='word_1_44' title='bbox 832 773 891 838; x_wconf 80' lang='lat'>126</span> <span class='ocrx_word' id='word_1_45' title='bbox 915 793 956 850; x_wconf 91' lang='lat' dir='ltr'>sq.</span> <span class='ocrx_word' id='word_1_46' title='bbox 978 778 1015 835; x_wconf 89' lang='lat' dir='ltr'><strong>W</strong></span> <span class='ocrx_word' id='word_1_47' title='bbox 1037 771 1238 858; x_wconf 72' lang='grc' dir='ltr'><em>ἐστεφανώθη</em></span> <span class='ocrx_word' id='word_1_48' title='bbox 1259 778 1323 836; x_wconf 81' lang='grc' dir='ltr'><em>κτλ.</em></span> 
     </span>
     <span class='ocr_line' id='line_1_7' title="bbox 271 875 1325 952; baseline -0.001 -14"><span class='ocrx_word' id='word_1_49' title='bbox 271 881 300 938; x_wconf 92' lang='lat' dir='ltr'>et</span> <span class='ocrx_word' id='word_1_50' title='bbox 322 879 428 938; x_wconf 75' lang='lat' dir='ltr'><strong>decreti</strong></span> <span class='ocrx_word' id='word_1_51' title='bbox 450 875 509 939; x_wconf 84' lang='lat'>181</span> <span class='ocrx_word' id='word_1_52' title='bbox 532 895 585 952; x_wconf 75' lang='lat' dir='ltr'>sq,</span> <span class='ocrx_word' id='word_1_53' title='bbox 601 878 700 937; x_wconf 89' lang='lat' dir='ltr'>deinde</span> <span class='ocrx_word' id='word_1_54' title='bbox 720 877 948 950; x_wconf 75' lang='lat' dir='ltr'>interpolatorem</span> <span class='ocrx_word' id='word_1_55' title='bbox 969 879 1104 937; x_wconf 90' lang='lat' dir='ltr'>adiecisse</span> <span class='ocrx_word' id='word_1_56' title='bbox 1125 895 1197 950; x_wconf 88' lang='lat' dir='ltr'>quae</span> <span class='ocrx_word' id='word_1_57' title='bbox 1219 880 1253 937; x_wconf 87' lang='lat' dir='ltr'>de</span> <span class='ocrx_word' id='word_1_58' title='bbox 1275 880 1325 937; x_wconf 89' lang='lat' dir='ltr'>ad-</span> 
     </span>
     <span class='ocr_line' id='line_1_8' title="bbox 271 977 1326 1052; baseline 0.001 -16"><span class='ocrx_word' id='word_1_59' title='bbox 271 979 374 1052; x_wconf 87' lang='lat' dir='ltr'>paratu</span> <span class='ocrx_word' id='word_1_60' title='bbox 403 977 510 1049; x_wconf 93' lang='lat' dir='ltr'>bellico,</span> <span class='ocrx_word' id='word_1_61' title='bbox 545 979 667 1037; x_wconf 86' lang='lat' dir='ltr'>naribus</span> <span class='ocrx_word' id='word_1_62' title='bbox 699 978 864 1048; x_wconf 89' lang='lat' dir='ltr'>aedificatis,</span> <span class='ocrx_word' id='word_1_63' title='bbox 902 978 1132 1048; x_wconf 89' lang='lat' dir='ltr'>mutuationibus,</span> <span class='ocrx_word' id='word_1_64' title='bbox 1167 979 1237 1037; x_wconf 90' lang='lat' dir='ltr'>haec</span> <span class='ocrx_word' id='word_1_65' title='bbox 1270 995 1326 1037; x_wconf 90' lang='lat' dir='ltr'>non</span> 
     </span>
     <span class='ocr_line' id='line_1_9' title="bbox 271 1069 1323 1152; baseline -0.001 -15"><span class='ocrx_word' id='word_1_66' title='bbox 271 1079 342 1137; x_wconf 89' lang='lat' dir='ltr'>satis</span> <span class='ocrx_word' id='word_1_67' title='bbox 363 1077 516 1148; x_wconf 91' lang='lat' dir='ltr'>intellecta,</span> <span class='ocrx_word' id='word_1_68' title='bbox 530 1080 681 1136; x_wconf 90' lang='lat' dir='ltr'>narrantur</span> <span class='ocrx_word' id='word_1_69' title='bbox 702 1079 732 1134; x_wconf 90' lang='lat' dir='ltr'>in</span> <span class='ocrx_word' id='word_1_70' title='bbox 752 1077 898 1152; x_wconf 87' lang='lat' dir='ltr'>propatulo</span> <span class='ocrx_word' id='word_1_71' title='bbox 920 1079 973 1136; x_wconf 88' lang='lat' dir='ltr'>est.</span> <span class='ocrx_word' id='word_1_72' title='bbox 1000 1069 1091 1147; x_wconf 51' lang='lat' dir='ltr'>&#39;Quod</span> <span class='ocrx_word' id='word_1_73' title='bbox 1112 1094 1177 1136; x_wconf 86' lang='lat' dir='ltr'>vero</span> <span class='ocrx_word' id='word_1_74' title='bbox 1199 1078 1323 1150; x_wconf 90' lang='lat' dir='ltr'>interpo-</span> 
     </span>
     <span class='ocr_line' id='line_1_10' title="bbox 269 1177 1348 1251; baseline 0 -16"><span class='ocrx_word' id='word_1_75' title='bbox 269 1177 343 1236; x_wconf 89' lang='lat' dir='ltr'>lator</span> <span class='ocrx_word' id='word_1_76' title='bbox 365 1179 491 1237; x_wconf 89' lang='lat' dir='ltr'>aedificia</span> <span class='ocrx_word' id='word_1_77' title='bbox 510 1178 639 1236; x_wconf 89' lang='lat' dir='ltr'>inserens</span> <span class='ocrx_word' id='word_1_78' title='bbox 667 1194 730 1235; x_wconf 91' lang='lat' dir='ltr'>cum</span> <span class='ocrx_word' id='word_1_79' title='bbox 758 1178 787 1236; x_wconf 96' lang='lat' dir='ltr'>et</span> <span class='ocrx_word' id='word_1_80' title='bbox 807 1179 949 1236; x_wconf 76' lang='lat' dir='ltr'><strong>theatrum</strong></span> <span class='ocrx_word' id='word_1_81' title='bbox 969 1178 1134 1251; x_wconf 86' lang='lat' dir='ltr'>Dionysium</span> <span class='ocrx_word' id='word_1_82' title='bbox 1156 1179 1184 1236; x_wconf 93' lang='lat' dir='ltr'>et</span> <span class='ocrx_word' id='word_1_83' title='bbox 1205 1195 1321 1251; x_wconf 84' lang='lat' dir='ltr'>gymna-</span> <span class='ocrx_word' id='word_1_84' title='bbox 1344 1236 1348 1244; x_wconf 75' lang='grc'><strong><em>,</em></strong></span> 
     </span>
     <span class='ocr_line' id='line_1_11' title="bbox 271 1269 1326 1352; baseline -0.003 -15"><span class='ocrx_word' id='word_1_85' title='bbox 271 1279 345 1337; x_wconf 90' lang='lat' dir='ltr'>sium</span> <span class='ocrx_word' id='word_1_86' title='bbox 370 1273 406 1335; x_wconf 89' lang='grc' dir='ltr'><em>τὸ</em></span> <span class='ocrx_word' id='word_1_87' title='bbox 426 1274 506 1335; x_wconf 86' lang='grc' dir='ltr'><em>κατὰ</em></span> <span class='ocrx_word' id='word_1_88' title='bbox 518 1269 653 1335; x_wconf 80' lang='grc' dir='ltr'><em>Λύκειον</em></span> <span class='ocrx_word' id='word_1_89' title='bbox 669 1277 915 1352; x_wconf 74' lang='lat' dir='ltr'>praetermitteret,</span> <span class='ocrx_word' id='word_1_90' title='bbox 942 1278 1187 1336; x_wconf 82' lang='lat' dir='ltr'>armamentarium</span> <span class='ocrx_word' id='word_1_91' title='bbox 1207 1293 1326 1351; x_wconf 88' lang='lat' dir='ltr'>quocum</span> 
     </span>
     <span class='ocr_line' id='line_1_12' title="bbox 269 1377 1326 1438; baseline 0 -2"><span class='ocrx_word' id='word_1_92' title='bbox 269 1377 319 1436; x_wconf 89' lang='lat' dir='ltr'>illa</span> <span class='ocrx_word' id='word_1_93' title='bbox 339 1378 370 1437; x_wconf 93' lang='lat' dir='ltr'>in</span> <span class='ocrx_word' id='word_1_94' title='bbox 391 1378 502 1437; x_wconf 83' lang='lat' dir='ltr'>decreto</span> <span class='ocrx_word' id='word_1_95' title='bbox 524 1379 673 1438; x_wconf 89' lang='lat' dir='ltr'>coniuncta</span> <span class='ocrx_word' id='word_1_96' title='bbox 694 1379 761 1435; x_wconf 89' lang='lat' dir='ltr'>sunt</span> <span class='ocrx_word' id='word_1_97' title='bbox 792 1377 899 1436; x_wconf 92' lang='lat' dir='ltr'>inmisit</span> <span class='ocrx_word' id='word_1_98' title='bbox 920 1393 953 1435; x_wconf 88' lang='lat' dir='ltr'>ea</span> <span class='ocrx_word' id='word_1_99' title='bbox 975 1378 1009 1436; x_wconf 90' lang='lat' dir='ltr'>de</span> <span class='ocrx_word' id='word_1_100' title='bbox 1031 1394 1118 1436; x_wconf 89' lang='lat' dir='ltr'>causa</span> <span class='ocrx_word' id='word_1_101' title='bbox 1142 1378 1248 1436; x_wconf 89' lang='lat' dir='ltr'>factum</span> <span class='ocrx_word' id='word_1_102' title='bbox 1263 1394 1326 1436; x_wconf 92' lang='lat' dir='ltr'>esse</span> 
     </span>
     <span class='ocr_line' id='line_1_13' title="bbox 269 1476 1326 1552; baseline -0.003 -15"><span class='ocrx_word' id='word_1_103' title='bbox 269 1495 345 1537; x_wconf 91' lang='lat' dir='ltr'>nnnc</span> <span class='ocrx_word' id='word_1_104' title='bbox 359 1477 486 1552; x_wconf 82' lang='lat' dir='ltr'>adparet,</span> <span class='ocrx_word' id='word_1_105' title='bbox 507 1478 582 1551; x_wconf 88' lang='lat' dir='ltr'>quod</span> <span class='ocrx_word' id='word_1_106' title='bbox 601 1478 651 1536; x_wconf 89' lang='lat' dir='ltr'>illa</span> <span class='ocrx_word' id='word_1_107' title='bbox 665 1478 739 1552; x_wconf 87' lang='lat' dir='ltr'>apud</span> <span class='ocrx_word' id='word_1_108' title='bbox 752 1477 935 1536; x_wconf 77' lang='lat' dir='ltr'>Plutarchum</span> <span class='ocrx_word' id='word_1_109' title='bbox 955 1478 1062 1536; x_wconf 85' lang='lat' dir='ltr'>invenit</span> <span class='ocrx_word' id='word_1_110' title='bbox 1083 1476 1137 1535; x_wconf 89' lang='lat' dir='ltr'>alio</span> <span class='ocrx_word' id='word_1_111' title='bbox 1150 1477 1180 1535; x_wconf 92' lang='lat' dir='ltr'>in</span> <span class='ocrx_word' id='word_1_112' title='bbox 1194 1479 1326 1536; x_wconf 77' lang='lat' dir='ltr'>contextu</span> 
     </span>
     <span class='ocr_line' id='line_1_14' title="bbox 268 1572 552 1658; baseline -0.007 -21"><span class='ocrx_word' id='word_1_113' title='bbox 268 1578 324 1637; x_wconf 89' lang='lat' dir='ltr'>iam</span> <span class='ocrx_word' id='word_1_114' title='bbox 345 1572 552 1658; x_wconf 81' lang='lat' dir='ltr'>enumerata1).</span> 
     </span>
    </p>

    <p class='ocr_par' dir='ltr' id='par_1_3' title="bbox 266 1676 1325 2752">
     <span class='ocr_line' id='line_1_15' title="bbox 369 1676 1325 1750; baseline -0.001 -15"><span class='ocrx_word' id='word_1_115' title='bbox 369 1677 476 1748; x_wconf 77' lang='lat' dir='ltr'>Quibus</span> <span class='ocrx_word' id='word_1_116' title='bbox 503 1677 659 1750; x_wconf 79' lang='lat' dir='ltr'>explanatis</span> <span class='ocrx_word' id='word_1_117' title='bbox 688 1677 743 1735; x_wconf 90' lang='lat' dir='ltr'>iam</span> <span class='ocrx_word' id='word_1_118' title='bbox 771 1677 908 1750; x_wconf 86' lang='lat' dir='ltr'>probasse</span> <span class='ocrx_word' id='word_1_119' title='bbox 934 1677 1014 1736; x_wconf 91' lang='lat' dir='ltr'>nobis</span> <span class='ocrx_word' id='word_1_120' title='bbox 1043 1677 1168 1735; x_wconf 85' lang='lat' dir='ltr'>videmur</span> <span class='ocrx_word' id='word_1_121' title='bbox 1193 1676 1325 1734; x_wconf 90' lang='lat' dir='ltr'>Photium</span> 
     </span>
     <span class='ocr_line' id='line_1_16' title="bbox 269 1775 1324 1851; baseline -0.003 -13"><span class='ocrx_word' id='word_1_122' title='bbox 269 1776 454 1838; x_wconf 74' lang='lat' dir='ltr'>Plutarchum</span> <span class='ocrx_word' id='word_1_123' title='bbox 488 1776 607 1836; x_wconf 86' lang='lat' dir='ltr'>licenter</span> <span class='ocrx_word' id='word_1_124' title='bbox 633 1777 824 1851; x_wconf 86' lang='lat' dir='ltr'>exscripsisse,</span> <span class='ocrx_word' id='word_1_125' title='bbox 863 1777 958 1850; x_wconf 88' lang='lat' dir='ltr'>itaque</span> <span class='ocrx_word' id='word_1_126' title='bbox 991 1775 1097 1834; x_wconf 88' lang='lat' dir='ltr'>nullam</span> <span class='ocrx_word' id='word_1_127' title='bbox 1130 1776 1324 1835; x_wconf 89' lang='lat' dir='ltr'>auctoritatem</span> 
     </span>
     <span class='ocr_line' id='line_1_17' title="bbox 269 1876 1323 1950; baseline -0.002 -14"><span class='ocrx_word' id='word_1_128' title='bbox 269 1877 311 1936; x_wconf 94' lang='lat' dir='ltr'>illi</span> <span class='ocrx_word' id='word_1_129' title='bbox 330 1877 506 1936; x_wconf 85' lang='lat' dir='ltr'>tribuendam</span> <span class='ocrx_word' id='word_1_130' title='bbox 532 1893 604 1938; x_wconf 91' lang='lat' dir='ltr'>esse.</span> <span class='ocrx_word' id='word_1_131' title='bbox 648 1876 725 1947; x_wconf 77' lang='lat' dir='ltr'>Quae</span> <span class='ocrx_word' id='word_1_132' title='bbox 752 1893 862 1950; x_wconf 89' lang='lat' dir='ltr'>quoque</span> <span class='ocrx_word' id='word_1_133' title='bbox 888 1877 948 1935; x_wconf 93' lang='lat' dir='ltr'>loco</span> <span class='ocrx_word' id='word_1_134' title='bbox 971 1892 1034 1936; x_wconf 93' lang='lat' dir='ltr'>eum</span> <span class='ocrx_word' id='word_1_135' title='bbox 1054 1877 1190 1935; x_wconf 89' lang='lat' dir='ltr'>moverint</span> <span class='ocrx_word' id='word_1_136' title='bbox 1212 1893 1323 1946; x_wconf 91' lang='lat' dir='ltr'>causae,</span> 
     </span>
     <span class='ocr_line' id='line_1_18' title="bbox 269 1977 1324 2051; baseline -0.003 -14"><span class='ocrx_word' id='word_1_137' title='bbox 269 1979 301 2037; x_wconf 91' lang='lat' dir='ltr'>ut</span> <span class='ocrx_word' id='word_1_138' title='bbox 326 1978 396 2037; x_wconf 89' lang='lat' dir='ltr'>haec</span> <span class='ocrx_word' id='word_1_139' title='bbox 422 1977 472 2036; x_wconf 90' lang='lat' dir='ltr'>illa</span> <span class='ocrx_word' id='word_1_140' title='bbox 499 1977 649 2048; x_wconf 90' lang='lat' dir='ltr'>omitteret,</span> <span class='ocrx_word' id='word_1_141' title='bbox 680 1995 848 2051; x_wconf 88' lang='lat' dir='ltr'>quamquam</span> <span class='ocrx_word' id='word_1_142' title='bbox 877 1978 953 2036; x_wconf 85' lang='lat' dir='ltr'>certo</span> <span class='ocrx_word' id='word_1_143' title='bbox 982 1977 1055 2035; x_wconf 90' lang='lat' dir='ltr'>scire</span> <span class='ocrx_word' id='word_1_144' title='bbox 1083 1993 1139 2034; x_wconf 93' lang='lat' dir='ltr'>non</span> <span class='ocrx_word' id='word_1_145' title='bbox 1164 1992 1324 2050; x_wconf 89' lang='lat' dir='ltr'>possumus,</span> 
     </span>
     <span class='ocr_line' id='line_1_19' title="bbox 267 2077 1323 2151; baseline -0.003 -14"><span class='ocrx_word' id='word_1_146' title='bbox 267 2080 363 2137; x_wconf 89' lang='lat' dir='ltr'>tamen</span> <span class='ocrx_word' id='word_1_147' title='bbox 390 2077 608 2136; x_wconf 90' lang='lat' dir='ltr'>consentaneum</span> <span class='ocrx_word' id='word_1_148' title='bbox 634 2077 744 2136; x_wconf 85' lang='lat' dir='ltr'>videtur</span> <span class='ocrx_word' id='word_1_149' title='bbox 766 2077 930 2150; x_wconf 86' lang='lat' dir='ltr'>saepissime</span> <span class='ocrx_word' id='word_1_150' title='bbox 951 2093 1015 2135; x_wconf 92' lang='lat' dir='ltr'>eum</span> <span class='ocrx_word' id='word_1_151' title='bbox 1037 2093 1071 2134; x_wconf 89' lang='lat' dir='ltr'>ea</span> <span class='ocrx_word' id='word_1_152' title='bbox 1092 2077 1323 2151; x_wconf 87' lang='lat' dir='ltr'>praetermisisse,</span> 
     </span>
     <span class='ocr_line' id='line_1_20' title="bbox 268 2176 1324 2253; baseline -0.004 -16"><span class='ocrx_word' id='word_1_153' title='bbox 268 2194 341 2253; x_wconf 88' lang='lat' dir='ltr'>quae</span> <span class='ocrx_word' id='word_1_154' title='bbox 361 2177 508 2237; x_wconf 89' lang='lat' dir='ltr'>nonsatis</span> <span class='ocrx_word' id='word_1_155' title='bbox 529 2178 717 2252; x_wconf 67' lang='lat' dir='ltr'>intellegerem</span> <span class='ocrx_word' id='word_1_156' title='bbox 745 2178 775 2236; x_wconf 90' lang='lat' dir='ltr'>in</span> <span class='ocrx_word' id='word_1_157' title='bbox 796 2178 854 2235; x_wconf 89' lang='lat' dir='ltr'>vita</span> <span class='ocrx_word' id='word_1_158' title='bbox 875 2193 940 2236; x_wconf 86' lang='lat' dir='ltr'>vero</span> <span class='ocrx_word' id='word_1_159' title='bbox 961 2177 1085 2251; x_wconf 84' lang='lat' dir='ltr'>Lycurgi</span> <span class='ocrx_word' id='word_1_160' title='bbox 1112 2176 1187 2234; x_wconf 89' lang='lat' dir='ltr'>haud</span> <span class='ocrx_word' id='word_1_161' title='bbox 1209 2177 1266 2235; x_wconf 93' lang='lat' dir='ltr'>scio</span> <span class='ocrx_word' id='word_1_162' title='bbox 1288 2194 1324 2233; x_wconf 92' lang='lat' dir='ltr'>an</span> 
     </span>
     <span class='ocr_line' id='line_1_21' title="bbox 268 2277 1322 2349; baseline -0.002 -13"><span class='ocrx_word' id='word_1_163' title='bbox 268 2277 325 2336; x_wconf 91' lang='lat' dir='ltr'>alia</span> <span class='ocrx_word' id='word_1_164' title='bbox 345 2277 431 2336; x_wconf 84' lang='lat' dir='ltr'>fuerit</span> <span class='ocrx_word' id='word_1_165' title='bbox 453 2294 548 2349; x_wconf 89' lang='lat' dir='ltr'>causa,</span> <span class='ocrx_word' id='word_1_166' title='bbox 575 2277 738 2337; x_wconf 89' lang='lat' dir='ltr'>coniecerim</span> <span class='ocrx_word' id='word_1_167' title='bbox 766 2278 839 2336; x_wconf 90' lang='lat' dir='ltr'>enim</span> <span class='ocrx_word' id='word_1_168' title='bbox 865 2277 1006 2348; x_wconf 90' lang='lat' dir='ltr'>Photium,</span> <span class='ocrx_word' id='word_1_169' title='bbox 1033 2277 1081 2349; x_wconf 85' lang='lat' dir='ltr'>qui</span> <span class='ocrx_word' id='word_1_170' title='bbox 1108 2292 1166 2334; x_wconf 89' lang='lat' dir='ltr'>non</span> <span class='ocrx_word' id='word_1_171' title='bbox 1191 2277 1322 2334; x_wconf 84' lang='lat' dir='ltr'>historica</span> 
     </span>
     <span class='ocr_line' id='line_1_22' title="bbox 268 2377 1325 2453; baseline -0.001 -18"><span class='ocrx_word' id='word_1_172' title='bbox 268 2377 323 2437; x_wconf 90' lang='lat' dir='ltr'>fide</span> <span class='ocrx_word' id='word_1_173' title='bbox 343 2393 390 2437; x_wconf 89' lang='lat' dir='ltr'>res</span> <span class='ocrx_word' id='word_1_174' title='bbox 411 2395 429 2436; x_wconf 91' lang='lat' dir='ltr'>a</span> <span class='ocrx_word' id='word_1_175' title='bbox 449 2379 579 2453; x_wconf 83' lang='lat' dir='ltr'>Lycurgo</span> <span class='ocrx_word' id='word_1_176' title='bbox 600 2379 697 2452; x_wconf 82' lang='lat' dir='ltr'>gestas</span> <span class='ocrx_word' id='word_1_177' title='bbox 719 2393 882 2437; x_wconf 89' lang='lat' dir='ltr'>enumerare</span> <span class='ocrx_word' id='word_1_178' title='bbox 910 2378 961 2436; x_wconf 91' lang='lat' dir='ltr'>sed</span> <span class='ocrx_word' id='word_1_179' title='bbox 988 2377 1078 2450; x_wconf 80' lang='lat' dir='ltr'>magis</span> <span class='ocrx_word' id='word_1_180' title='bbox 1105 2377 1272 2436; x_wconf 89' lang='lat' dir='ltr'>rhetoricum</span> <span class='ocrx_word' id='word_1_181' title='bbox 1295 2377 1325 2434; x_wconf 93' lang='lat' dir='ltr'>in</span> 
     </span>
     <span class='ocr_line' id='line_1_23' title="bbox 266 2467 1325 2549; baseline 0.002 -13"><span class='ocrx_word' id='word_1_182' title='bbox 266 2479 379 2538; x_wconf 89' lang='lat' dir='ltr'>modum</span> <span class='ocrx_word' id='word_1_183' title='bbox 400 2495 463 2537; x_wconf 92' lang='lat' dir='ltr'>eum</span> <span class='ocrx_word' id='word_1_184' title='bbox 481 2477 598 2538; x_wconf 81' lang='lat' dir='ltr'>laudrue</span> <span class='ocrx_word' id='word_1_185' title='bbox 619 2477 711 2549; x_wconf 88' lang='lat' dir='ltr'>vellet,</span> <span class='ocrx_word' id='word_1_186' title='bbox 734 2495 751 2535; x_wconf 93' lang='lat' dir='ltr'>a</span> <span class='ocrx_word' id='word_1_187' title='bbox 772 2478 864 2536; x_wconf 88' lang='lat' dir='ltr'>verbis</span> <span class='ocrx_word' id='word_1_188' title='bbox 879 2467 954 2534; x_wconf 79' lang='grc' dir='ltr'><em>ἄλλα</em></span> <span class='ocrx_word' id='word_1_189' title='bbox 968 2497 1000 2536; x_wconf 77' lang='grc' dir='ltr'><em>τε</em></span> <span class='ocrx_word' id='word_1_190' title='bbox 1015 2473 1110 2535; x_wconf 80' lang='grc' dir='ltr'><em>πολλὰ</em></span> <span class='ocrx_word' id='word_1_191' title='bbox 1129 2495 1157 2549; x_wconf 91' lang='lat' dir='ltr'>p.</span> <span class='ocrx_word' id='word_1_192' title='bbox 1173 2473 1235 2538; x_wconf 81' lang='lat'>497</span> <span class='ocrx_word' id='word_1_193' title='bbox 1251 2495 1268 2535; x_wconf 90' lang='lat' dir='ltr'>a</span> <span class='ocrx_word' id='word_1_194' title='bbox 1285 2473 1325 2538; x_wconf 90' lang='lat'>10</span> 
     </span>
     <span class='ocr_line' id='line_1_24' title="bbox 267 2571 1324 2652; baseline -0.002 -16"><span class='ocrx_word' id='word_1_195' title='bbox 267 2579 304 2636; x_wconf 83' lang='lat' dir='ltr'>ad</span> <span class='ocrx_word' id='word_1_196' title='bbox 324 2595 358 2638; x_wconf 91' lang='lat' dir='ltr'>ea</span> <span class='ocrx_word' id='word_1_197' title='bbox 379 2595 451 2652; x_wconf 91' lang='lat' dir='ltr'>quae</span> <span class='ocrx_word' id='word_1_198' title='bbox 472 2577 606 2652; x_wconf 85' lang='lat' dir='ltr'>leguntur</span> <span class='ocrx_word' id='word_1_199' title='bbox 626 2578 702 2636; x_wconf 86' lang='lat' dir='ltr'>Plut.</span> <span class='ocrx_word' id='word_1_200' title='bbox 725 2574 766 2639; x_wconf 72' lang='lat'>23</span> <span class='ocrx_word' id='word_1_201' title='bbox 788 2594 849 2651; x_wconf 88' lang='lat' dir='ltr'>sqq.</span> <span class='ocrx_word' id='word_1_202' title='bbox 873 2571 969 2635; x_wconf 79' lang='grc' dir='ltr'><strong><em>πολλὰ</em></strong></span> <span class='ocrx_word' id='word_1_203' title='bbox 982 2577 1043 2636; x_wconf 81' lang='grc' dir='ltr'><em>κτλ.</em></span> <span class='ocrx_word' id='word_1_204' title='bbox 1081 2577 1268 2636; x_wconf 73' lang='lat' dir='ltr'>transiluisse.</span> <span class='ocrx_word' id='word_1_205' title='bbox 1282 2610 1324 2618; x_wconf 97' lang='lat'><em>-</em></span> 
     </span>
     <span class='ocr_line' id='line_1_25' title="bbox 266 2677 1323 2752; baseline 0 -18"><span class='ocrx_word' id='word_1_206' title='bbox 266 2678 364 2737; x_wconf 86' lang='lat' dir='ltr'>Liceat</span> <span class='ocrx_word' id='word_1_207' title='bbox 384 2696 459 2738; x_wconf 91' lang='lat' dir='ltr'>nunc</span> <span class='ocrx_word' id='word_1_208' title='bbox 479 2679 577 2752; x_wconf 87' lang='lat' dir='ltr'>paucis</span> <span class='ocrx_word' id='word_1_209' title='bbox 599 2678 719 2751; x_wconf 91' lang='lat' dir='ltr'>probare</span> <span class='ocrx_word' id='word_1_210' title='bbox 741 2679 825 2737; x_wconf 90' lang='lat' dir='ltr'>etiam</span> <span class='ocrx_word' id='word_1_211' title='bbox 844 2679 875 2736; x_wconf 94' lang='lat' dir='ltr'>in</span> <span class='ocrx_word' id='word_1_212' title='bbox 888 2677 997 2751; x_wconf 89' lang='lat' dir='ltr'>reliqna</span> <span class='ocrx_word' id='word_1_213' title='bbox 1010 2678 1085 2736; x_wconf 85' lang='lat' dir='ltr'>vitae</span> <span class='ocrx_word' id='word_1_214' title='bbox 1098 2679 1179 2751; x_wconf 90' lang='lat' dir='ltr'>parte</span> <span class='ocrx_word' id='word_1_215' title='bbox 1192 2678 1323 2735; x_wconf 90' lang='lat' dir='ltr'>Photium</span> 
     </span>
    </p>
   </div>
   <div class='ocr_carea' id='block_1_3' title="bbox 264 2835 1323 3320">
    <p class='ocr_par' dir='ltr' id='par_1_4' title="bbox 264 2835 1323 3320">
     <span class='ocr_line' id='line_1_26' title="bbox 367 2835 1322 2908; baseline -0.005 -14"><span class='ocrx_word' id='word_1_216' title='bbox 367 2841 392 2907; x_wconf 92' lang='lat'>1)</span> <span class='ocrx_word' id='word_1_217' title='bbox 412 2837 501 2892; x_wconf 83' lang='lat' dir='ltr'>Etiam</span> <span class='ocrx_word' id='word_1_218' title='bbox 524 2839 571 2893; x_wconf 90' lang='lat' dir='ltr'>sub</span> <span class='ocrx_word' id='word_1_219' title='bbox 601 2839 679 2893; x_wconf 90' lang='lat' dir='ltr'>finem</span> <span class='ocrx_word' id='word_1_220' title='bbox 704 2839 774 2894; x_wconf 85' lang='lat' dir='ltr'>vitae</span> <span class='ocrx_word' id='word_1_221' title='bbox 802 2837 993 2908; x_wconf 85' lang='lat' dir='ltr'>interpolatoris</span> <span class='ocrx_word' id='word_1_222' title='bbox 1019 2838 1121 2892; x_wconf 87' lang='lat' dir='ltr'>decreto</span> <span class='ocrx_word' id='word_1_223' title='bbox 1147 2836 1188 2890; x_wconf 88' lang='lat' dir='ltr'>usi</span> <span class='ocrx_word' id='word_1_224' title='bbox 1212 2835 1322 2904; x_wconf 81' lang='lat' dir='ltr'>vestigia</span> 
     </span>
     <span class='ocr_line' id='line_1_27' title="bbox 266 2920 1321 2992; baseline -0.006 -16"><span class='ocrx_word' id='word_1_225' title='bbox 266 2920 428 2992; x_wconf 87' lang='lat' dir='ltr'>apertissime</span> <span class='ocrx_word' id='word_1_226' title='bbox 455 2920 620 2989; x_wconf 80' lang='lat' dir='ltr'>deteguntur.</span> <span class='ocrx_word' id='word_1_227' title='bbox 657 2921 690 2974; x_wconf 91' lang='lat' dir='ltr'>In</span> <span class='ocrx_word' id='word_1_228' title='bbox 709 2921 793 2976; x_wconf 86' lang='lat' dir='ltr'>verbis</span> <span class='ocrx_word' id='word_1_229' title='bbox 818 2921 887 2975; x_wconf 91' lang='lat' dir='ltr'>enim</span> <span class='ocrx_word' id='word_1_230' title='bbox 916 2937 981 2990; x_wconf 87' lang='lat' dir='ltr'>quae</span> <span class='ocrx_word' id='word_1_231' title='bbox 1000 2921 1124 2989; x_wconf 83' lang='lat' dir='ltr'>leguntur</span> <span class='ocrx_word' id='word_1_232' title='bbox 1150 2935 1174 2972; x_wconf 86' lang='lat' dir='ltr'>v.</span> <span class='ocrx_word' id='word_1_233' title='bbox 1196 2920 1245 2972; x_wconf 81' lang='lat'>127</span> <span class='ocrx_word' id='word_1_234' title='bbox 1267 2934 1321 2986; x_wconf 88' lang='lat' dir='ltr'>sqq.</span> 
     </span>
     <span class='ocr_line' id='line_1_28' title="bbox 266 2999 1322 3074; baseline -0.003 -20"><span class='ocrx_word' id='word_1_235' title='bbox 266 3002 400 3054; x_wconf 81' lang='grc' dir='ltr'><em>ἀντίκειται</em></span> <span class='ocrx_word' id='word_1_236' title='bbox 418 2999 525 3054; x_wconf 76' lang='grc' dir='ltr'><em>δἀὐταῦ</em></span> <span class='ocrx_word' id='word_1_237' title='bbox 535 2999 616 3068; x_wconf 74' lang='grc' dir='ltr'><em>χαλκῆ</em></span> <span class='ocrx_word' id='word_1_238' title='bbox 631 3002 708 3056; x_wconf 75' lang='grc' dir='ltr'><em>εἰκών</em></span> <span class='ocrx_word' id='word_1_239' title='bbox 724 3006 754 3054; x_wconf 80' lang='grc' dir='ltr'>ἐν</span> <span class='ocrx_word' id='word_1_240' title='bbox 766 3007 921 3074; x_wconf 78' lang='grc' dir='ltr'><em>Κεραμεικῷ</em></span> <span class='ocrx_word' id='word_1_241' title='bbox 928 3004 994 3054; x_wconf 82' lang='grc' dir='ltr'><em>κατὰ</em></span> <span class='ocrx_word' id='word_1_242' title='bbox 1003 3003 1126 3071; x_wconf 73' lang='grc' dir='ltr'><em>ψήφισμα</em></span> <span class='ocrx_word' id='word_1_243' title='bbox 1135 2999 1322 3072; x_wconf 75' lang='grc' dir='ltr'><em>ἐπ’4ναξιαρσί-</em></span> 
     </span>
     <span class='ocr_line' id='line_1_29' title="bbox 266 3080 1322 3156; baseline -0.005 -20"><span class='ocrx_word' id='word_1_244' title='bbox 266 3103 325 3138; x_wconf 80' lang='lat' dir='ltr'>coca</span> <span class='ocrx_word' id='word_1_245' title='bbox 342 3085 473 3156; x_wconf 73' lang='grc' dir='ltr'><em>ἄρχοντος·</em></span> <span class='ocrx_word' id='word_1_246' title='bbox 507 3084 545 3154; x_wconf 76' lang='grc' dir='ltr'>ἐφ’</span> <span class='ocrx_word' id='word_1_247' title='bbox 571 3080 603 3137; x_wconf 79' lang='grc' dir='ltr'>οὗ</span> <span class='ocrx_word' id='word_1_248' title='bbox 625 3081 703 3153; x_wconf 65' lang='lat' dir='ltr'>elafio</span> <span class='ocrx_word' id='word_1_249' title='bbox 725 3089 768 3136; x_wconf 80' lang='lat' dir='ltr'>uui</span> <span class='ocrx_word' id='word_1_250' title='bbox 784 3089 887 3150; x_wconf 82' lang='grc' dir='ltr'><em>σίτησιν</em></span> <span class='ocrx_word' id='word_1_251' title='bbox 910 3087 940 3135; x_wconf 83' lang='grc' dir='ltr'>ἐν</span> <span class='ocrx_word' id='word_1_252' title='bbox 956 3088 1105 3155; x_wconf 74' lang='grc' dir='ltr'><em>πρυτανείῳ</em></span> <span class='ocrx_word' id='word_1_253' title='bbox 1122 3082 1200 3134; x_wconf 75' lang='grc' dir='ltr'><em>αὐτός</em></span> <span class='ocrx_word' id='word_1_254' title='bbox 1215 3100 1245 3132; x_wconf 86' lang='grc' dir='ltr'><em>τε</em></span> <span class='ocrx_word' id='word_1_255' title='bbox 1262 3083 1322 3151; x_wconf 81' lang='grc' dir='ltr'><em>[καὶ]</em></span> 
     </span>
     <span class='ocr_line' id='line_1_30' title="bbox 265 3163 1321 3237; baseline -0.004 -17"><span class='ocrx_word' id='word_1_256' title='bbox 265 3169 280 3220; x_wconf 83' lang='grc' dir='ltr'>ὁ</span> <span class='ocrx_word' id='word_1_257' title='bbox 306 3171 456 3236; x_wconf 68' lang='grc' dir='ltr'><em>Λυκοῦργος</em></span> <span class='ocrx_word' id='word_1_258' title='bbox 482 3170 525 3218; x_wconf 79' lang='grc' dir='ltr'><em>καὶ</em></span> <span class='ocrx_word' id='word_1_259' title='bbox 551 3168 565 3219; x_wconf 84' lang='grc' dir='ltr'>ὁ</span> <span class='ocrx_word' id='word_1_260' title='bbox 596 3169 773 3237; x_wconf 67' lang='grc' dir='ltr'><em>πρεσβύτατα</em></span> <span class='ocrx_word' id='word_1_261' title='bbox 801 3166 881 3218; x_wconf 84' lang='grc' dir='ltr'><em>αὐτοῦ</em></span> <span class='ocrx_word' id='word_1_262' title='bbox 908 3171 962 3218; x_wconf 79' lang='grc' dir='ltr'><em>τῶν</em></span> <span class='ocrx_word' id='word_1_263' title='bbox 984 3166 1100 3236; x_wconf 74' lang='grc' dir='ltr'><em>ἐκγόνων</em></span> <span class='ocrx_word' id='word_1_264' title='bbox 1116 3165 1183 3216; x_wconf 81' lang='grc' dir='ltr'><em>κατὰ</em></span> <span class='ocrx_word' id='word_1_265' title='bbox 1204 3165 1234 3216; x_wconf 86' lang='grc' dir='ltr'><em>τὸ</em></span> <span class='ocrx_word' id='word_1_266' title='bbox 1257 3163 1321 3216; x_wconf 83' lang='grc' dir='ltr'><em>αὐτὸ</em></span> 
     </span>
     <span class='ocr_line' id='line_1_31' title="bbox 264 3241 1323 3320; baseline -0.006 -18"><span class='ocrx_word' id='word_1_267' title='bbox 264 3250 389 3320; x_wconf 78' lang='grc' dir='ltr'><em>ψήφισμα</em></span> <span class='ocrx_word' id='word_1_268' title='bbox 429 3248 613 3301; x_wconf 68' lang='grc' dir='ltr'><em>ἀποθανόντα</em></span> <span class='ocrx_word' id='word_1_269' title='bbox 641 3270 670 3301; x_wconf 84' lang='grc' dir='ltr'><em>τε</em></span> <span class='ocrx_word' id='word_1_270' title='bbox 704 3249 892 3320; x_wconf 80' lang='grc' dir='ltr'><em>Λακαύργονὸ</em></span> <span class='ocrx_word' id='word_1_271' title='bbox 926 3250 1104 3319; x_wconf 75' lang='grc' dir='ltr'><em>πρεσβύτατος</em></span> <span class='ocrx_word' id='word_1_272' title='bbox 1138 3251 1194 3298; x_wconf 82' lang='grc' dir='ltr'><em>τῶν</em></span> <span class='ocrx_word' id='word_1_273' title='bbox 1217 3241 1323 3297; x_wconf 77' lang='grc' dir='ltr'><em>παίδων</em></span> 
     </span>
    </p>
   </div>
   <div class='ocr_carea' id='block_1_4' title="bbox 264 3410 1323 4136">
    <p class='ocr_par' dir='ltr' id='par_1_5' title="bbox 264 3410 1323 4136">
     <span class='ocr_line' id='line_1_32' title="bbox 267 3410 1323 3483; baseline 0 -19"><span class='ocrx_word' id='word_1_274' title='bbox 267 3410 362 3481; x_wconf 62' lang='grc' dir='ltr'><em>ἐλαβεν</em></span> <span class='ocrx_word' id='word_1_275' title='bbox 378 3415 457 3465; x_wconf 72' lang='lat' dir='ltr'>atros</span> <span class='ocrx_word' id='word_1_276' title='bbox 472 3431 500 3464; x_wconf 82' lang='grc' dir='ltr'><em>τε</em></span> <span class='ocrx_word' id='word_1_277' title='bbox 516 3413 531 3466; x_wconf 84' lang='grc' dir='ltr'>ὁ</span> <span class='ocrx_word' id='word_1_278' title='bbox 549 3415 583 3465; x_wconf 91' lang='grc' dir='ltr'>Λ.</span> <span class='ocrx_word' id='word_1_279' title='bbox 600 3417 643 3464; x_wconf 81' lang='grc' dir='ltr'><em>καὶ</em></span> <span class='ocrx_word' id='word_1_280' title='bbox 659 3413 674 3465; x_wconf 90' lang='grc' dir='ltr'>ὁ</span> <span class='ocrx_word' id='word_1_281' title='bbox 691 3414 875 3483; x_wconf 70' lang='grc' dir='ltr'><em>πρεσβύτατα,</em></span> <span class='ocrx_word' id='word_1_282' title='bbox 899 3428 961 3466; x_wconf 87' lang='lat' dir='ltr'>nam</span> <span class='ocrx_word' id='word_1_283' title='bbox 982 3411 1116 3480; x_wconf 82' lang='lat' dir='ltr'>Lycurgus</span> <span class='ocrx_word' id='word_1_284' title='bbox 1137 3412 1190 3464; x_wconf 85' lang='lat' dir='ltr'>iam</span> <span class='ocrx_word' id='word_1_285' title='bbox 1206 3411 1323 3464; x_wconf 75' lang='lat' dir='ltr'>mortius</span> 
     </span>
     <span class='ocr_line' id='line_1_33' title="bbox 266 3489 1323 3566; baseline -0.005 -16"><span class='ocrx_word' id='word_1_286' title='bbox 266 3497 323 3550; x_wconf 72' lang='lat' dir='ltr'>erat</span> <span class='ocrx_word' id='word_1_287' title='bbox 344 3496 385 3562; x_wconf 75' lang='lat' dir='ltr'>(ca</span> <span class='ocrx_word' id='word_1_288' title='bbox 410 3494 451 3550; x_wconf 89' lang='lat' dir='ltr'>Ol.</span> <span class='ocrx_word' id='word_1_289' title='bbox 475 3495 559 3562; x_wconf 83' lang='lat' dir='ltr'>ll3‚4)</span> <span class='ocrx_word' id='word_1_290' title='bbox 585 3497 642 3548; x_wconf 74' lang='lat' dir='ltr'>tum</span> <span class='ocrx_word' id='word_1_291' title='bbox 658 3496 673 3547; x_wconf 89' lang='grc' dir='ltr'>ὁ</span> <span class='ocrx_word' id='word_1_292' title='bbox 690 3496 869 3566; x_wconf 79' lang='grc' dir='ltr'><em>πρεσβύτατος</em></span> <span class='ocrx_word' id='word_1_293' title='bbox 885 3499 941 3545; x_wconf 75' lang='grc' dir='ltr'><em>τῶν</em></span> <span class='ocrx_word' id='word_1_294' title='bbox 961 3489 1066 3545; x_wconf 74' lang='grc' dir='ltr'><em>παίδων</em></span> <span class='ocrx_word' id='word_1_295' title='bbox 1087 3495 1244 3564; x_wconf 79' lang='grc' dir='ltr'><em>Λυκόφρων,</em></span> <span class='ocrx_word' id='word_1_296' title='bbox 1262 3509 1323 3545; x_wconf 84' lang='lat' dir='ltr'>nam</span> 
     </span>
     <span class='ocr_line' id='line_1_34' title="bbox 265 3573 1321 3643; baseline -0.005 -12"><span class='ocrx_word' id='word_1_297' title='bbox 265 3577 413 3632; x_wconf 83' lang='lat' dir='ltr'>Habronem</span> <span class='ocrx_word' id='word_1_298' title='bbox 437 3578 503 3631; x_wconf 86' lang='lat' dir='ltr'>natu</span> <span class='ocrx_word' id='word_1_299' title='bbox 517 3577 657 3631; x_wconf 83' lang='lat' dir='ltr'>maximum</span> <span class='ocrx_word' id='word_1_300' title='bbox 673 3576 751 3630; x_wconf 83' lang='lat' dir='ltr'>fuisse</span> <span class='ocrx_word' id='word_1_301' title='bbox 767 3593 835 3630; x_wconf 91' lang='lat' dir='ltr'>nunc</span> <span class='ocrx_word' id='word_1_302' title='bbox 852 3577 974 3630; x_wconf 88' lang='lat' dir='ltr'>certares</span> <span class='ocrx_word' id='word_1_303' title='bbox 992 3578 1033 3630; x_wconf 89' lang='lat' dir='ltr'>est</span> <span class='ocrx_word' id='word_1_304' title='bbox 1049 3576 1092 3642; x_wconf 88' lang='lat' dir='ltr'>(cf.</span> <span class='ocrx_word' id='word_1_305' title='bbox 1105 3592 1129 3628; x_wconf 86' lang='lat' dir='ltr'>v.</span> <span class='ocrx_word' id='word_1_306' title='bbox 1145 3576 1201 3630; x_wconf 89' lang='lat'>106.</span> <span class='ocrx_word' id='word_1_307' title='bbox 1219 3576 1286 3643; x_wconf 83' lang='lat'>153),</span> <span class='ocrx_word' id='word_1_308' title='bbox 1294 3573 1321 3626; x_wconf 89' lang='lat' dir='ltr'>id</span> 
     </span>
     <span class='ocr_line' id='line_1_35' title="bbox 266 3653 1322 3728; baseline -0.005 -16"><span class='ocrx_word' id='word_1_309' title='bbox 266 3658 334 3728; x_wconf 85' lang='lat' dir='ltr'>quod</span> <span class='ocrx_word' id='word_1_310' title='bbox 358 3658 527 3728; x_wconf 85' lang='lat' dir='ltr'>interpolator</span> <span class='ocrx_word' id='word_1_311' title='bbox 553 3659 753 3728; x_wconf 86' lang='lat' dir='ltr'>praescriptione</span> <span class='ocrx_word' id='word_1_312' title='bbox 774 3658 871 3712; x_wconf 86' lang='lat' dir='ltr'>decreti</span> <span class='ocrx_word' id='word_1_313' title='bbox 895 3656 1011 3726; x_wconf 88' lang='lat' dir='ltr'>inspecta</span> <span class='ocrx_word' id='word_1_314' title='bbox 1032 3656 1201 3719; x_wconf 86' lang='lat' dir='ltr'>conturbavit,</span> <span class='ocrx_word' id='word_1_315' title='bbox 1217 3672 1279 3709; x_wconf 92' lang='lat' dir='ltr'>nam</span> <span class='ocrx_word' id='word_1_316' title='bbox 1294 3653 1322 3707; x_wconf 88' lang='lat' dir='ltr'>id</span> 
     </span>
     <span class='ocr_line' id='line_1_36' title="bbox 266 3737 1320 3810; baseline -0.006 -16"><span class='ocrx_word' id='word_1_317' title='bbox 266 3741 333 3810; x_wconf 86' lang='lat' dir='ltr'>quod</span> <span class='ocrx_word' id='word_1_318' title='bbox 341 3740 472 3794; x_wconf 87' lang='lat' dir='ltr'>decretum</span> <span class='ocrx_word' id='word_1_319' title='bbox 488 3742 551 3803; x_wconf 89' lang='lat' dir='ltr'>erat,</span> <span class='ocrx_word' id='word_1_320' title='bbox 568 3743 599 3794; x_wconf 90' lang='lat' dir='ltr'>ut</span> <span class='ocrx_word' id='word_1_321' title='bbox 615 3740 685 3794; x_wconf 87' lang='lat' dir='ltr'>fflius</span> <span class='ocrx_word' id='word_1_322' title='bbox 700 3743 765 3794; x_wconf 87' lang='lat' dir='ltr'>natu</span> <span class='ocrx_word' id='word_1_323' title='bbox 781 3739 907 3794; x_wconf 86' lang='lat' dir='ltr'>maximus</span> <span class='ocrx_word' id='word_1_324' title='bbox 929 3738 1032 3793; x_wconf 85' lang='lat' dir='ltr'>honoris</span> <span class='ocrx_word' id='word_1_325' title='bbox 1049 3737 1178 3808; x_wconf 84' lang='lat' dir='ltr'>particeps</span> <span class='ocrx_word' id='word_1_326' title='bbox 1202 3737 1275 3790; x_wconf 90' lang='lat' dir='ltr'>fieret</span> <span class='ocrx_word' id='word_1_327' title='bbox 1293 3737 1320 3789; x_wconf 90' lang='lat' dir='ltr'>et</span> 
     </span>
     <span class='ocr_line' id='line_1_37' title="bbox 264 3818 1322 3891; baseline -0.003 -17"><span class='ocrx_word' id='word_1_328' title='bbox 264 3821 292 3875; x_wconf 86' lang='lat' dir='ltr'>id</span> <span class='ocrx_word' id='word_1_329' title='bbox 308 3820 376 3891; x_wconf 86' lang='lat' dir='ltr'>quod</span> <span class='ocrx_word' id='word_1_330' title='bbox 391 3822 524 3890; x_wconf 90' lang='lat' dir='ltr'>Lycophro</span> <span class='ocrx_word' id='word_1_331' title='bbox 540 3821 613 3875; x_wconf 90' lang='lat' dir='ltr'>illum</span> <span class='ocrx_word' id='word_1_332' title='bbox 630 3823 751 3876; x_wconf 90' lang='lat' dir='ltr'>honorem</span> <span class='ocrx_word' id='word_1_333' title='bbox 767 3822 817 3877; x_wconf 89' lang='lat' dir='ltr'>sibi</span> <span class='ocrx_word' id='word_1_334' title='bbox 832 3821 955 3884; x_wconf 84' lang='lat' dir='ltr'>vindicat,</span> <span class='ocrx_word' id='word_1_335' title='bbox 972 3821 1011 3875; x_wconf 87' lang='lat' dir='ltr'>ita</span> <span class='ocrx_word' id='word_1_336' title='bbox 1029 3819 1175 3874; x_wconf 90' lang='lat' dir='ltr'>conciliavit</span> <span class='ocrx_word' id='word_1_337' title='bbox 1191 3818 1264 3889; x_wconf 86' lang='lat' dir='ltr'>quasi</span> <span class='ocrx_word' id='word_1_338' title='bbox 1271 3818 1322 3886; x_wconf 90' lang='lat' dir='ltr'>Ly-</span> 
     </span>
     <span class='ocr_line' id='line_1_38' title="bbox 266 3900 1321 3973; baseline -0.005 -16"><span class='ocrx_word' id='word_1_339' title='bbox 266 3904 359 3973; x_wconf 90' lang='lat' dir='ltr'>cophro</span> <span class='ocrx_word' id='word_1_340' title='bbox 380 3903 450 3958; x_wconf 90' lang='lat' dir='ltr'>filius</span> <span class='ocrx_word' id='word_1_341' title='bbox 471 3906 536 3957; x_wconf 85' lang='lat' dir='ltr'>natu</span> <span class='ocrx_word' id='word_1_342' title='bbox 556 3905 681 3958; x_wconf 80' lang='lat' dir='ltr'>maximus</span> <span class='ocrx_word' id='word_1_343' title='bbox 702 3903 805 3966; x_wconf 87' lang='lat' dir='ltr'>fuisset;</span> <span class='ocrx_word' id='word_1_344' title='bbox 832 3903 900 3972; x_wconf 87' lang='lat' dir='ltr'>quod</span> <span class='ocrx_word' id='word_1_345' title='bbox 921 3905 1034 3956; x_wconf 80' lang='lat' dir='ltr'>erratuum</span> <span class='ocrx_word' id='word_1_346' title='bbox 1060 3918 1113 3956; x_wconf 87' lang='lat' dir='ltr'>esse</span> <span class='ocrx_word' id='word_1_347' title='bbox 1134 3904 1203 3955; x_wconf 90' lang='lat' dir='ltr'>recte</span> <span class='ocrx_word' id='word_1_348' title='bbox 1220 3900 1321 3953; x_wconf 90' lang='lat' dir='ltr'>monuit</span> 
     </span>
     <span class='ocr_line' id='line_1_39' title="bbox 264 3981 1321 4054; baseline -0.001 -18"><span class='ocrx_word' id='word_1_349' title='bbox 264 3983 390 4052; x_wconf 89' lang='lat' dir='ltr'>imprimis</span> <span class='ocrx_word' id='word_1_350' title='bbox 416 3987 447 4038; x_wconf 82' lang='lat' dir='ltr'>A.</span> <span class='ocrx_word' id='word_1_351' title='bbox 465 3984 590 4049; x_wconf 83' lang='lat' dir='ltr'>Schaeier,</span> <span class='ocrx_word' id='word_1_352' title='bbox 607 3984 779 4041; x_wconf 67' lang='lat' dir='ltr'>Philoljtom.</span> <span class='ocrx_word' id='word_1_353' title='bbox 809 3983 855 4037; x_wconf 91' lang='lat' dir='ltr'>lX.</span> <span class='ocrx_word' id='word_1_354' title='bbox 877 4001 902 4054; x_wconf 91' lang='lat' dir='ltr'>p.</span> <span class='ocrx_word' id='word_1_355' title='bbox 927 3986 981 4048; x_wconf 84' lang='lat'>166,</span> <span class='ocrx_word' id='word_1_356' title='bbox 999 3983 1044 4038; x_wconf 85' lang='lat' dir='ltr'>sed</span> <span class='ocrx_word' id='word_1_357' title='bbox 1064 3999 1115 4036; x_wconf 92' lang='lat' dir='ltr'>non</span> <span class='ocrx_word' id='word_1_358' title='bbox 1136 3985 1205 4037; x_wconf 89' lang='lat' dir='ltr'>recte</span> <span class='ocrx_word' id='word_1_359' title='bbox 1227 3981 1321 4035; x_wconf 86' lang='lat' dir='ltr'>vitium</span> 
     </span>
     <span class='ocr_line' id='line_1_40' title="bbox 264 4064 1281 4136; baseline -0.001 -18"><span class='ocrx_word' id='word_1_360' title='bbox 264 4064 367 4118; x_wconf 88' lang='lat' dir='ltr'>librario</span> <span class='ocrx_word' id='word_1_361' title='bbox 395 4065 518 4130; x_wconf 85' lang='lat' dir='ltr'>tribuens,</span> <span class='ocrx_word' id='word_1_362' title='bbox 544 4065 611 4136; x_wconf 82' lang='lat' dir='ltr'>quod</span> <span class='ocrx_word' id='word_1_363' title='bbox 639 4066 692 4120; x_wconf 89' lang='lat' dir='ltr'>iam</span> <span class='ocrx_word' id='word_1_364' title='bbox 707 4066 797 4119; x_wconf 86' lang='lat' dir='ltr'>reiecit</span> <span class='ocrx_word' id='word_1_365' title='bbox 818 4066 849 4119; x_wconf 89' lang='lat' dir='ltr'>R.</span> <span class='ocrx_word' id='word_1_366' title='bbox 867 4065 974 4130; x_wconf 85' lang='lat' dir='ltr'>Schoell,</span> <span class='ocrx_word' id='word_1_367' title='bbox 992 4066 1079 4119; x_wconf 87' lang='lat' dir='ltr'>Herm.</span> <span class='ocrx_word' id='word_1_368' title='bbox 1098 4067 1117 4118; x_wconf 91' lang='lat' dir='ltr'>t.</span> <span class='ocrx_word' id='word_1_369' title='bbox 1137 4064 1182 4117; x_wconf 88' lang='lat' dir='ltr'>VI.</span> <span class='ocrx_word' id='word_1_370' title='bbox 1198 4081 1223 4132; x_wconf 91' lang='lat' dir='ltr'>p.</span> <span class='ocrx_word' id='word_1_371' title='bbox 1241 4065 1281 4118; x_wconf 76' lang='lat'>53.</span> 
     </span>
    </p>
   </div>
   <div class='ocr_carea' id='block_1_5' title="bbox 0 0 1478 4602">
    <p class='ocr_par' dir='ltr' id='par_1_6' title="bbox 0 0 1478 4602">
     <span class='ocr_line' id='line_1_41' title="bbox 0 0 1478 4602; baseline 0 2"><span class='ocrx_word' id='word_1_372' title='bbox 0 0 1478 4602; x_wconf 95' lang='lat' dir='ltr'> </span> 
     </span>
    </p>
   </div>
  </div>
 </body>
</html>
