2946 4602
733 247 774 312 38

222 415 339 498 visse¹),
374 420 435 478 tum
455 419 485 476 id
505 418 624 477 maxime
645 419 747 494 egisse,
783 419 816 477 ut
843 416 1016 492 publicorum
1044 432 1175 490 agrorum
1202 417 1281 476 loca·
1308 499 1310 504 ι

222 515 390 601 1111111111),
433 520 554 578 fortasse
585 519 686 594 poletis
715 519 807 592 ipsum
840 517 1039 594 praepositum,
1072 533 1159 576 novos
1183 517 1283 577 ,fontes

222 621 404 695 pecuniarum
425 621 547 694 aperiret
573 615 624 700 (cf.
646 620 720 694 Hyp.
743 620 779 678 fr.
802 637 825 698 s.
852 619 872 677 1.
898 661 905 676 .
930 661 938 675 .
963 661 970 674 .
994 601 1058 698 εὗρε
1072 609 1211 696 πόρους);
1232 619 1283 692 qui

223 721 324 794 reliqui
338 721 430 780 lentes
452 721 628 780 1111111111
642 720 713 779 satis
728 723 803 780 certo
819 719 919 790 elucet,
941 735 1005 777 uam
1020 718 1128 777 tributa
1142 718 1282 777 sociorum
1344 771 1346 775 .

222 824 288 896 post
308 837 432 895 pugnam
447 821 669 882 Chaeronensem
691 821 793 894 exigua
807 809 967 894 'paucarum
982 818 1137 877 insularum
1151 820 1284 878 redibant

224 923 260 980 cf.
276 921 407 980 Schaefer
427 921 446 978 l.
461 921 478 978 1.
501 922 556 992 ΠΙ,
580 918 597 981 1
620 917 661 984 25
683 937 726 994 sq.
769 923 922 980 Praeterea
942 920 971 977 id
993 921 1140 994 Lycurgus
1161 921 1282 980 maxime

223 1023 377 1096 prospexit,
398 1023 431 1080 ut
452 1021 581 1095 sumptus
603 1023 729 1095 publicos
750 1022 885 1095 imprimis
901 1023 1006 1080 dierum
1022 1021 1167 1093 festorum,
1190 1039 1282 1095 quan-

224 1125 282 1182 tum
303 1125 409 1197 posset,
436 1122 643 1181 comminueret.
687 1123 847 1180 Cavendum
873 1123 968 1181 autem
989 1139 1052 1182 esse
1074 1122 1141 1180 mihi
1161 1122 1282 1194 ridetur,

224 1240 260 1282 ne
280 1224 337 1298 ipsi
354 1223 533 1297 magistratui
554 1223 636 1281 nimis
650 1223 781 1297 penderis
800 1223 951 1306 tribuatur,
974 1224 1073 1282 contra
1086 1223 1115 1281 id
1128 1224 1283 1282 tenendum

225 1326 269 1383 est
289 1323 439 1402 plurimum
460 1339 569 1396 semper
590 1323 665 1401 apud
678 1324 865 1383 Athenienses
887 1324 1011 1382 valuisse
1033 1339 1080 1382 eos
1101 1324 1149 1396 qui
1168 1323 1281 1398 legibus

224 1427 254 1484 in
281 1425 398 1483 comitiis
424 1427 538 1483 strenue
566 1425 766 1484 commendatis
798 1441 843 1483 res
879 1409 1005 1498 publicar
1038 1424 1283 1497 administrabant,

225 1543 305 1599 quem
327 1526 357 1583 in
379 1526 488 1584 modum
503 1526 650 1599 Lycurgus
672 1543 782 1599 quoqne
804 1542 875 1599 quae
897 1525 1036 1583 ordinarit
1049 1526 1135 1598 atque
1148 1525 1284 1598 instituit,

225 1627 370 1686 maximam
391 1627 500 1700 partem
521 1626 620 1684 effecit.
918 1697 922 1704 ἱ

323 1728 387 1786 Huc
407 1727 548 1801 pertinent
568 1727 728 1800 fragmenta
750 1727 809 1785 eius
830 1727 944 1798 decreti,
966 1727 1040 1799 quod
1054 1726 1148 1785 exstat
1162 1727 1192 1788 O.
1208 1728 1232 1784 Ι.
1246 1727 1283 1785 A.

225 1829 255 1886 ΙΙ
290 1823 406 1889 16211.
429 1844 563 1902 suprap.
589 1823 627 1888 18
649 1827 675 1884 Α
697 1829 825 1901 Lycurgo
848 1828 962 1886 auctore
990 1827 1105 1886 factum.
1154 1828 1285 1885 Pertinet

226 1930 320 1988 autem
343 1929 378 1987 ad
398 1929 476 2002 leges
498 1946 515 1986 a
533 1930 672 2002 Lycurgo,
695 1945 757 1987 cnm
778 1927 913 1986 reditibus
935 1927 1053 2000 publicis
1074 1929 1228 2000 praeesset,
1250 1929 1286 1987 de

226 2029 370 2088 sacrificiis
391 2029 512 2102 puhlicis
534 2029 763 2087 administrandis
792 2029 877 2101 atque
899 2027 1036 2087 derebus
1059 2029 1148 2087 sacris
1170 2028 1285 2087 confici·

226 2131 305 2189 endis
318 2130 565 2203 instaurandisque
579 2131 709 2203 rogatas;
725 2129 831 2187 lactum
841 2129 1025 2188 videturesse
1038 2144 1110 2186 anno
1123 2127 1166 2186 01.
1181 2124 1285 2202 111,2,

226 2248 292 2289 uam
317 2231 440 2290 rationes
467 2231 502 2288 de
530 2231 615 2289 rebus
642 2230 731 2288 sacris
762 2229 915 2288 secundum
942 2229 1006 2287 illas
1037 2229 1117 2302 leges
1148 2230 1286 2289 confectis

226 2331 352 2391 redditae
379 2331 445 2390 inde
471 2331 507 2389 ad
535 2347 608 2391 anno
631 2330 674 2392 01.
700 2326 791 2400 111,3
813 2324 996 2410 incipiunt.³)
1046 2329 1287 2389 Verisimillimum

226 2432 313 2507 igitur
341 2432 385 2491 est
405 2433 566 2506 Lycurgum
591 2432 680 2505 ipsius
707 2430 949 2488 administratione
970 2430 1006 2488 ad
1028 2429 1112 2489 finem
1133 2431 1288 2504 adpropin-

228 2534 332 2608 quante
358 2549 407 2594 eas
435 2531 513 2607 leges
540 2532 648 2603 tudisse,
683 2548 801 2605 quarum
830 2530 1069 2603 exsequendorum
1102 2548 1197 2590 curam
1225 2532 1288 2606 ipse

228 2636 412 2709 suscepturus
439 2633 493 2692 alio
521 2632 574 2692 sub
600 2632 682 2691 titulo
703 2631 973 2691 administrationem
994 2631 1195 2704 quodammodo
1219 2649 1287 2691 con·

227 2736 358 2795 tinuaret.

328 2835 438 2895 Summo
453 2852 518 2895 vero
529 2835 621 2894 studio
630 2835 792 2910 Lycurgum
805 2849 873 2891 vasa
887 2848 969 2890 sacra
983 2833 1012 2891 et
1024 2833 1158 2906 pecunias
1172 2834 1289 2894 deorum

228 2937 257 2995 in
279 2936 398 3010 singulis
413 2936 525 3011 templis
546 2935 709 2996 coacervata
723 2935 753 2993 in
773 2949 866 2992 arcem
879 2931 1041 3003 contulisse,
1057 2935 1185 2993 ornatum
1202 2951 1288 2994 cane·

228 3036 373 3111 phoricum
402 3038 431 3095 et
458 3054 527 3096 vasa
553 3036 692 3110 pompalia
718 3035 864 3110 paravisse
891 3049 924 3090 ex
952 3033 992 3091 eis
1019 3034 1175 3093 rationibus
1202 3038 1289 3110 atqua

228 3136 372 3195 laterculis
399 3137 503 3211 conligi
522 3137 597 3209 licet,
624 3153 696 3210 quae
724 3154 752 3211 p.
778 3131 816 3196 18
839 3151 881 3207 sq.
910 3134 1078 3206 enumerari,
1105 3135 1140 3194 de
1168 3136 1289 3211 singulis

230 3236 390 3296 conferatur
411 3237 566 3309 Michaelis,
592 3237 756 3296 Parthenon
777 3255 805 3312 p.
827 3230 890 3298 292
912 3251 989 3308 sqq.;
1023 3234 1106 3295 etiam
1126 3237 1157 3294 in
1178 3237 1289 3297 decreto

230 3337 368 3397 Stratocle
396 3339 510 3397 auctore
538 3339 612 3428 lacto
633 3339 780 3413 Lycurgus
806 3336 937 3396 laudibus
965 3336 1088 3408 effertur,
1120 3339 1195 3411 qued
1220 3355 1291 3397 vasa

230 3522 527 3532 ———

331 3633 357 3702 1)
373 3632 415 3687 Ad
431 3632 497 3687 hanc
518 3632 660 3688 custodiam
682 3630 826 3686 Boeclrhius
842 3633 859 3687 1.
876 3632 893 3688 l.
910 3633 923 3686 1
940 3633 989 3686 226
1012 3634 1127 3702 spectare
1144 3631 1202 3687 vult
1226 3647 1292 3700 quae

233 3714 264 3769 de
280 3715 398 3785 Lycurgo
413 3713 441 3767 in
457 3715 623 3784 publicamun
640 3714 768 3785 quendam
784 3714 921 3769 invehente
937 3717 1082 3769 nauamur.

331 3799 358 3865 2)
374 3798 414 3852 De
434 3797 605 3852 locationibus
625 3797 787 3867 publicorum
806 3797 931 3852 bonorum
954 3796 986 3850 cf.
1008 3797 1118 3851 Bceclrh.
1142 3796 1160 3851 l.
1180 3797 1198 3852 l
1215 3797 1249 3850 12
1265 3815 1292 3866 p.

177 3919 180 3925 ·
232 3881 282 3934 414
299 3895 346 3949 sqq
351 3901 358 3943 ;
376 3879 409 3934 ad
425 3879 538 3948 Lycurgi
553 3879 585 3934 de
601 3881 714 3936 metallis
730 3880 839 3949 publicis
855 3896 943 3934 curam
964 3879 1065 3934 videtur
1081 3881 1205 3948 spectare,
1223 3879 1292 3949 quod

232 3962 260 4015 in
276 3961 332 4016 vita
347 3980 372 4031 p.
389 3963 439 4016 843
456 3962 474 4014 d
489 3965 609 4016 narratur
625 3962 657 4018 de
672 3963 778 4032 Diphilo
795 3979 811 4017 a
826 3963 944 4032 Lycurgo
960 3964 1088 4016 accusato.

333 4045 359 4115 3)
377 4043 408 4100 cf.
426 4043 457 4099 U.
474 4044 586 4100 Kochler
601 4046 688 4102 Henu.
705 4046 733 4100 Π
749 4064 773 4118 p.
791 4047 832 4112 26,
849 4044 936 4103 adnot.
953 4043 987 4099 ad
1003 4044 1032 4100 G.
1049 4043 1069 4101 1.
1087 4045 1117 4101 Α,
1133 4044 1168 4112 11,
1186 4047 1202 4100 2
1218 4046 1274 4103 739.
