2946 4602
749 215 770 276 2

230 391 264 448 de
285 405 315 447 ro
337 404 425 446 novae
447 387 604 447 sententiae
624 385 788 459 prodierint,
818 385 853 442 ad
884 397 955 456 quas
983 385 1138 444 reiciendas
1159 388 1215 446 iam
1237 391 1289 447 ad-

229 490 352 564 grediar.
403 487 573 547 servandam
600 486 673 545 enim
700 501 763 544 esso
792 473 893 544 censeo
916 501 976 544 eam
998 487 1175 558 sententiam,
1204 506 1289 562 quam

229 590 294 664 post
319 589 353 646 A.
374 581 652 662 Westermannum¹)
681 585 803 643 firmavit
830 583 972 642 Amoldus
1000 582 1165 664 Sohaolor2)
1192 589 1290 648 Photii

228 692 303 749 nitas
339 706 372 747 ex
399 687 577 747 Plutarchois
610 687 798 759 transcriptas
833 685 991 757 partimque
1023 687 1059 744 ab
1091 687 1151 760 ipso
1170 689 1288 768 ¹Photio

228 790 417 864 locupletatas
439 805 511 848 esse.

330 889 512 959 Sententiam,
540 904 624 960 quam
645 886 680 943 A.
703 885 827 945 Schoeno
849 902 947 944 novam
969 886 1085 958 protulit
1095 883 1128 964 3),
1151 891 1289 948 communi

230 991 411 1050 fundamento
438 989 492 1046 niti
512 988 602 1046 altera
629 1004 663 1045 ex
684 987 766 1059 parte
786 984 979 1056 Plutarchum,
1007 986 1096 1045 altera
1123 988 1289 1063 Dionysium

229 1091 511 1149 Halicarnassensom
533 1088 721 1158 Photiumque
742 1085 799 1142 iam
819 1086 1038 1158 reprobavomnt
1060 1089 1089 1146 et
1103 1088 1152 1146 alii
1166 1091 1194 1147 et
1208 1090 1239 1148 F.
1257 1092 1288 1148 0.

230 1185 386 1266 Seeliger4)
414 1190 442 1247 et
463 1188 600 1246 Rndolfus
622 1180 835 1262 Bahheiner⁵)‚
863 1186 909 1244 hic
930 1187 992 1259 ipse
1014 1205 1113 1247 novam
1134 1191 1288 1263 proposuit,

233 1308 305 1364 quae
327 1291 394 1348 mihi
416 1307 473 1348 non
494 1289 586 1347 minus
607 1288 718 1347 videtur
739 1286 878 1345 reicienda
901 1303 973 1346 esse.

329 1391 408 1461 Quod
435 1391 468 1447 ut
497 1388 624 1462 pluribus
654 1388 840 1445 demonstrem
868 1403 900 1444 eo
927 1387 1044 1447 marimo
1066 1405 1186 1460 moveor,
1214 1393 1289 1462 quod

229 1491 399 1550 Ballhoimer
421 1507 455 1549 ox
475 1490 539 1562 ipsa
552 1489 611 1546 vita
626 1488 749 1561 Lycurgi
762 1487 1012 1558 luculentissimum
1033 1505 1063 1546 sc
1079 1506 1188 1548 sumere
1203 1509 1288 1565 argu-

230 1592 353 1650 mentum
388 1589 527 1664 gloriatur
561 1586 599 1664 (p.
630 1584 669 1648 13
697 1583 805 1664 sqq.)⁶)
836 1621 874 1628 -
900 1587 1025 1646 Probare
1059 1591 1152 1648 autem
1180 1591 1290 1651 studuit

229 1690 443 1763 transcripsisse
463 1689 594 1747 Photium
615 1689 693 1746 vitas*
710 1689 805 1747 decem
829 1689 970 1745 oratorum
992 1705 1049 1745 non
1071 1705 1128 1762 eas,
1151 1708 1222 1764 quas
1237 1711 1288 1751 nos

229 1792 283 1850 snb
304 1790 452 1848 Plutarchi
471 1789 583 1847 nomine
608 1788 738 1862 legimus,
765 1804 860 1847 vorum
888 1788 944 1845 iam
966 1789 1003 1846 ad
1024 1789 1115 1862 prima
1135 1793 1200 1865 post
1222 1794 1287 1852 Chr.

229 1911 257 1950 u.
281 1890 394 1950 saecula
416 1890 507 1949 redire
527 1889 659 1947 Photiani
672 1888 890 1960 Plutarcheique
912 1888 1110 1962 exemplarium
1131 1892 1287 1952 discidium.

244 2050 248 2060 ,
328 1993 391 2049 Iam
412 1990 438 2048 si
457 1991 487 2047 in
508 1989 668 2047 universum
690 2006 724 2048 oa
738 1990 771 2047 de
793 2005 824 2048 re
845 1989 1011 2062 cogitamus,
1026 1990 1144 2064 adparet
1157 1994 1289 2053 Photium

227 2093 329 2166 ipsum,
358 2091 406 2163 qui
432 2091 476 2148 tot
502 2090 589 2147 libros
617 2089 687 2162 legit
711 2090 796 2162 atque
823 2090 980 2162 exscripsit,
1008 2090 1042 2148 de
1069 2092 1128 2149 suis
1155 2095 1289 2154 nonnulla

229 2208 301 2264 qnae
324 2190 454 2251 momoria
474 2189 589 2248 tenebat
603 2189 734 2249 facillime
748 2187 874 2264 potuisse
888 2190 1006 2261 adicere,
1029 2207 1084 2263 quo
1101 2195 1209 2253 accedit
1224 2212 1286 2254 eum

228 2308 436 2365 nonnumquam
462 2291 566 2363 scripta
592 2290 733 2348 rhetorica
759 2289 876 2348 laudare
902 2290 980 2348 velut
1006 2289 1153 2351 Libanium
1174 2312 1201 2368 p.
1223 2291 1286 2359 492

229 2410 247 2450 a
270 2386 310 2451 15
332 2387 390 2472 (od.
413 2387 558 2470 Bellen),
578 2385 642 2451 495
664 2407 681 2448 a
702 2386 753 2461 35,
775 2391 933 2464 Longinum
954 2387 1017 2452 492
1032 2409 1049 2449 a
1063 2387 1113 2464 29,
1135 2394 1287 2468 Aspasium

227 2489 290 2553 492
312 2510 329 2550 a
351 2488 401 2562 39,
423 2492 553 2550 Paullum
574 2493 684 2565 Mysum
706 2486 769 2551 489
789 2487 878 2563 a353
901 2492 986 2550 etiam
1008 2492 1071 2550 aliis
1091 2493 1161 2552 loois
1183 2496 1285 2568 quibus

328 2751 352 2818 1)
370 2748 539 2815 Quaestiones
555 2750 689 2807 Demosth.
705 2751 744 2804 IV
759 2768 784 2820 p.
803 2752 835 2804 72
851 2767 905 2820 sqq.
923 2753 963 2806 74.

245 2883 248 2887 .
326 2833 353 2898 2)
365 2831 397 2884 Ι1
414 2832 520 2900 Bergldi
535 2835 563 2886 et
579 2833 696 2887 Caesaris
712 2832 799 2886 annal.
817 2833 883 2888 1848
899 2851 924 2901 p.
941 2834 990 2887 247
1007 2851 1061 2903 sqq.

326 2915 353 2982 3)
369 2913 400 2966 Ι1
417 2913 575 2968 Fleckeiseni
590 2915 674 2970 annal.
693 2917 757 2970 1871
774 2917 846 2982 (tom.
864 2914 936 2984 0111)
953 2933 978 2984 p.
1000 2917 1046 2970 761
1065 2934 1119 2986 sqq.

325 2998 352 3064 4)
369 2996 400 3048 In
423 2995 484 3050 diss.
499 2996 569 3066 Lips.
585 2998 624 3051 De
644 2997 768 3066 Dionysio
788 2997 871 3051 Helio.
891 2997 1025 3051 Plutarchi
1045 2998 1089 3067 qui
1108 2999 1186 3068 vulgo
1203 3000 1285 3056 fertur

225 3080 253 3132 in
270 3078 332 3132 vitis
348 3079 373 3132 X
389 3094 438 3134 om.
454 3081 565 3132 auctore.
582 3079 707 3134 Budissae
727 3097 750 3134 a.
768 3079 794 3132 h.
811 3097 831 3133 s.
848 3079 963 3144 LXXIV,
985 3096 1035 3149 quo
1051 3081 1079 3134 in
1095 3081 1185 3136 libello
1216 3084 1283 3152 qnod

226 3162 258 3216 de
273 3160 396 3229 Dionysio
409 3159 493 3214 Halio.
509 3161 644 3215 Plutarchi
660 3161 731 3217 tonte
748 3161 871 3231 primerio
888 3163 984 3216 statuit
1000 3165 1090 3218 auctor
1113 3166 1182 3218 reete
1198 3181 1284 3234 repro-

224 3243 297 3298 barit
320 3243 352 3296 R.
372 3242 529 3297 Ballheimer
553 3242 613 3297 diss.
636 3260 661 3297 1.
682 3246 699 3298 5
720 3244 802 3298 citata
822 3262 847 3313 p.
869 3244 958 3300 2811.
980 3244 1066 3299 Iterue
1087 3245 1195 3315 critique
1218 3249 1284 3303 1879

325 3409 351 3474 5)
368 3406 399 3460 Ι1
415 3406 475 3461 diss.
492 3407 631 3472 Bonnensi,
652 3424 717 3477 quae
732 3408 881 3463 inscribitur
896 3410 936 3464 De
951 3409 1030 3464 Photi
1045 3410 1107 3465 vitis
1123 3410 1211 3466 decem
1228 3429 1283 3467 ora

224 3492 312 3543 torum
329 3507 352 3543 a.
369 3489 396 3543 h.
413 3506 433 3542 s.
450 3489 580 3544 LXXVII.

324 3573 351 3640 6)
367 3572 426 3626 Meo
442 3571 473 3626 de
494 3573 543 3627 hae
563 3590 590 3628 re
611 3574 705 3629 iudicio
725 3574 779 3630 iam
799 3575 902 3630 firmato
925 3591 1058 3630 censuram
1078 3575 1183 3646 inspexi,
1204 3595 1281 3647 quam

224 3654 390 3707 Ballheimeri
411 3655 634 3712 commentationis
655 3659 711 3726 egit
726 3659 848 3713 Albertus
863 3659 969 3722 Mertin,
986 3658 1072 3713 111111
1089 3659 1197 3728 critique
1217 3661 1280 3716 1879

223 3752 249 3803 p.
271 3737 322 3791 347
343 3753 406 3806 sqq,
434 3737 480 3806 qui
501 3737 574 3792 illam
599 3741 755 3795 senteutiam
780 3741 865 3811 magis
886 3741 1033 3810 reprobasse
1057 3757 1133 3810 quam
1153 3741 1279 3797 refutasse

221 3817 373 3872 iudicandus
389 3821 436 3883 est,
453 3836 514 3873 nam
529 3822 655 3876 nonnulle
671 3825 857 3891 argumentari
881 3825 911 3878 B.
928 3825 1030 3894 prolata
1046 3823 1129 3892 prima
1146 3825 1229 3893 specie
1246 3826 1279 3879 ad

220 3900 425 3970 persuadendum
441 3904 503 3972 apta
518 3902 600 3958 rideri
616 3907 656 3960 est
672 3905 868 3963 concedendum.
886 3907 916 3964 cf.
933 3925 1001 3964 nuno
1017 3908 1092 3966 Blass
1108 3929 1208 3985 quoque
1224 3914 1241 3968 l.
1259 3915 1277 3969 l.

222 3983 379 4054 pfflua
