2946 4602
781 203 823 266 44

273 374 486 450 grammaticum
512 375 585 434 enim
617 374 809 448 pentaeterida
835 373 907 432 ialso
936 376 1057 450 quinque
1079 395 1168 436 annos
1189 381 1333 452 putavisse

273 477 410 550 suspicor,
433 475 508 548 quod
521 475 594 533 idem
616 475 645 532 in
667 475 724 533 vita
744 475 868 549 Lycurgi
894 477 1020 548 peccavit
1049 477 1084 549 is,
1107 479 1156 552 qui
1176 481 1261 538 verba
1284 477 1334 537 dih

274 573 309 635 τὸ
336 569 467 658 ababuc
497 569 589 651 νόμον
615 573 776 652 εἰσενεγκεῖν
803 571 848 650 μν)
876 573 964 633 πλείω
998 572 1085 634 πέντε
1114 575 1190 636 ἐτῶν
1224 576 1334 638 διέπειν

271 677 335 736 κτλ.
364 677 486 748 inmisit;
522 692 637 735 numero
664 676 738 734 hunc
764 675 794 731 in
821 677 931 734 modum
959 679 1058 737 educto
1098 675 1200 741 18000
1229 681 1333 739 adiecit

272 774 335 842 650
355 777 405 836 illa
424 776 541 847 talenta,
563 793 646 850 quem
666 791 811 835 numerum
833 771 921 857 (660)
944 794 977 836 ee
998 778 1034 836 de
1055 796 1141 838 cause
1161 798 1255 840 veram
1270 799 1332 840 esse

271 880 409 940 existumo
431 873 484 951 (15
505 881 554 940 ><
572 873 653 940 1200
674 902 717 928 ---
738 871 839 938 18000
859 872 902 956 κ)-
924 873 986 938 650
1006 904 1049 930 =
1073 875 1205 960 18660);
1232 899 1331 941 nume-

271 997 320 1040 rus
349 996 414 1038 vero
440 974 542 1040 18650
569 979 599 1036 iu
625 978 736 1037 decreto
766 979 833 1035 tunc
862 978 971 1036 demum
998 980 1028 1038 in
1053 977 1155 1042 18900
1183 985 1332 1057 corruptus

271 1082 324 1152 est,
346 1097 409 1139 cum
440 1080 465 1137 is
486 1095 631 1150 numerus,
653 1094 735 1152 quem
757 1078 956 1150 grammaticus
984 1080 1088 1151 eduxit,
1115 1083 1145 1140 in
1166 1084 1241 1142 vitae
1263 1101 1332 1142 con-

268 1183 376 1241 textum
396 1181 452 1239 iam
473 1181 629 1238 translatus
651 1179 736 1238 esset.
751 1211 792 1220 —-
806 1179 841 1236 In
855 1179 969 1251 antiquo
985 1180 1094 1240 decreto
1116 1184 1183 1255 quid
1197 1185 1333 1257 scriptum

268 1283 363 1353 fuerit,
385 1298 441 1340 non
459 1280 555 1354 potest
576 1280 674 1350 conici,
702 1294 838 1336 summam
859 1281 1040 1351 pecuniarum
1062 1298 1112 1355 per
1133 1285 1192 1343 tres
1213 1287 1332 1358 pentae-

266 1383 372 1442 teridas
396 1381 656 1440 administratamm
684 1379 850 1453 descriptam
878 1381 967 1438 fiisse
995 1398 1052 1438 non
1074 1384 1155 1442 credo
1177 1385 1273 1442 eadem
1297 1403 1333 1444 ex

268 1499 363 1554 causa,
385 1499 468 1555 quam
492 1499 579 1554 supra
600 1481 698 1539 contra
718 1481 802 1539 verba
823 1474 974 1558 γενόμενος
989 1482 1046 1558 τῆς
1059 1484 1159 1560 κοινῆς
1174 1478 1331 1563 προσόδου

267 1579 382 1660 ταμίας
410 1583 451 1662 τῇ
477 1576 558 1640 πόλει
585 1578 633 1639 ἐπὶ
664 1585 742 1661 τρεῖς
772 1577 1003 1660 πενταετηρίδας
1031 1582 1130 1640 attuli:
1183 1602 1240 1643 non
1267 1602 1334 1646 esse

265 1683 415 1744 verisimile
441 1683 472 1741 in
491 1683 601 1756 publico
624 1682 734 1741 decreto
757 1699 789 1740 ea
809 1681 937 1752 infuisse,
960 1699 1031 1754 quae
1052 1699 1142 1756 neque
1163 1701 1228 1744 vera
1250 1689 1334 1745 erant

267 1801 358 1858 neque
386 1800 450 1842 cum
476 1782 586 1857 legibus
615 1783 835 1842 consentiebant.
883 1780 1088 1842 Auctoritatem
1121 1785 1208 1858 igitur
1234 1787 1332 1845 tribuo

269 1886 321 1943 soli
346 1900 460 1943 numero
493 1879 574 1945 1200
607 1882 668 1954 tal,
703 1884 771 1956 quot
799 1898 907 1940 annuos
921 1883 1027 1942 reditus
1056 1883 1145 1942 fuisse
1167 1887 1334 1959 perhibetur

267 2004 295 2060 p.
311 1981 373 2046 842
387 2002 412 2055 e,
433 1985 536 2042 ibidem
556 1983 650 2058 paullo
672 1984 735 2056 post
757 1975 918 2052 ἑξακοσίων
939 1983 1086 2057 legendum
1109 2001 1171 2042 esse
1193 1987 1332 2060 suspicor,

266 2086 303 2145 cf.
325 2085 467 2155 Schaefer,
488 2084 523 2142 D.
546 2103 572 2143 u.
596 2101 620 2142 s.
643 2085 741 2155 τ.Ι11,
767 2080 783 2143 1
806 2101 832 2157 p.
855 2079 918 2145 274
932 2100 960 2142 n.
976 2082 1004 2144 2.

366 2187 409 2245 De
429 2187 561 2258 tempore,
584 2201 638 2258 quo
658 2185 806 2259 Lycurgus
828 2184 1016 2244 mutuationes
1038 2184 1145 2257 fecerit,
1173 2186 1244 2244 nihil
1258 2187 1330 2244 certi

268 2286 358 2346 evinci
371 2286 475 2359 potest,
490 2286 611 2344 sednon
626 2301 720 2344 carere
735 2285 933 2360 probabilitate
944 2284 1054 2342 videtur
1068 2285 1137 2344 haec
1152 2287 1328 2346 coniectura:

268 2387 374 2446 iactum
401 2386 432 2444 id
453 2402 516 2445 esse
543 2386 666 2460 Lycurgi
692 2385 931 2445 administratione
952 2385 1075 2456 ineunte,
1097 2404 1159 2443 cum
1179 2388 1329 2460 Lycurgus

265 2486 393 2561 publicas
419 2487 553 2560 pecunias
579 2486 701 2545 nondum
729 2485 897 2559 conlegisset
918 2485 963 2544 vel
984 2487 1209 2559 comparavisset,
1232 2487 1328 2560 paullo
1387 2508 1389 2512 ·

266 2590 332 2646 ante
359 2604 484 2662 pugnam
511 2587 547 2646 ed
575 2587 764 2645 Chaeroneam
791 2586 967 2644 commissam
995 2582 1046 2666 (ol.
1072 2581 1162 2657 110,3
1189 2588 1234 2646 die
1262 2588 1328 2647 VII.

266 2705 354 2748 mens.
376 2682 509 2767 Metag.).

365 2788 540 2862 Quamquam
576 2789 721 2862 Lycurgus
758 2787 866 2845 reditus
905 2786 1031 2860 publicos
1073 2805 1158 2860 quam
1190 2788 1328 2846 maximos

268 2889 398 2960 reddidit,
433 2889 598 2947 thesaurum
628 2887 779 2961 publicum,
816 2889 849 2945 ut
877 2888 1002 2946 Periclea
1036 2887 1129 2945 aetate
1157 2889 1225 2959 erat,
1264 2905 1330 2947 eum

267 2989 426 3049 condidisse
454 3005 534 3048 nemo
564 2989 661 3048 credat
671 2983 708 3068 ¹),
741 3005 774 3047 ea
802 3004 876 3058 vero,
908 3004 979 3061 quae
1006 2988 1035 3045 in
1061 2987 1153 3046 titulis
1180 2988 1329 3047 navalibus

266 3087 361 3164 paullo
395 3089 461 3164 post
494 3089 764 3148 administrationem
792 3088 914 3161 Lycurgi
948 3104 1011 3146 esse
1038 3085 1079 3155 εἰς
1106 3083 1243 3168 φυλακὴν
1270 3090 1330 3164 τῆς

264 3181 508 3270 χώραςίιιϋααῐατ
523 3184 572 3270 (ci.
588 3189 710 3247 Boeckh.
726 3190 760 3247 de
774 3206 806 3248 re
820 3206 884 3248 nav.
901 3187 967 3246 Ath.
981 3205 1009 3261 p.
1025 3183 1088 3248 549
1104 3193 1144 3265 (a.
1160 3189 1201 3248 01.
1220 3185 1327 3268 1142)

267 3290 304 3349 ci.
332 3307 360 3363 p.
388 3284 450 3349 467
481 3285 538 3369 sq.)
568 3290 644 3348 haud
675 3289 732 3348 scio
767 3307 804 3347 an
830 3288 951 3362 Lycurgi
988 3288 1157 3347 auctoritate
1188 3291 1330 3348 reservari

268 3391 367 3463 coepta
389 3390 455 3448 sint.

369 3490 425 3550 Sed
451 3490 489 3548 sit
514 3490 570 3549 iam
597 3489 680 3549 huius
703 3487 901 3563 disputationis
923 3489 1031 3560 medua,
1056 3489 1194 3563 reliquum
1215 3491 1266 3560 est,
1295 3493 1329 3548 ut

268 3607 340 3664 quae
361 3591 566 3664 disputavimus
587 3590 684 3668 paucis
706 3588 930 3662 complectamur.

369 3751 395 3818 1)
412 3749 443 3806 cf.
464 3751 567 3805 Boeckh
586 3751 605 3805 1.
630 3751 648 3804 1
666 3750 752 3813 1591,
775 3748 820 3818 qui
841 3749 983 3806 rectissime
999 3752 1048 3805 hoc
1064 3751 1141 3806 dicit:
1159 3752 1242 3816 „nach
1258 3751 1329 3806 dem·

268 3832 355 3887 selben
370 3831 506 3901 (proelium
527 3833 560 3887 ad
577 3833 781 3902 Aegospotamos
802 3831 966 3887 commissum
986 3834 1102 3902 respicit)
1122 3835 1224 3889 schcint
1240 3835 1329 3888 Athen

268 3913 441 3982 grossanteils,
459 3913 506 3966 wie
522 3931 584 3968 man
605 3932 638 3968 zu
658 3931 738 3983 segem
758 3913 847 3983 pilegt‚
865 3931 912 3968 aus
929 3915 975 3969 der
990 3915 1059 3968 hand
1075 3916 1103 3969 in
1121 3915 1171 3970 den
1187 3916 1266 3969 mund
1283 3933 1329 3984 ge-

267 3992 323 4045 lebt
339 4009 371 4046 zu
386 3994 486 4046 haben“
503 3996 611 4064 atquae
628 3998 776 4065 sequuntur.
810 3996 943 4050 Michaelis
959 3997 977 4052 1.
993 3997 1010 4053 l.
1027 4015 1052 4065 p.
1070 3999 1128 4052 294.
