2946 4602
782 223 824 287 26

271 395 418 468 Aphobete
439 395 589 467 leguntur:
612 383 661 451 ὅτε
683 387 776 452 αὐτὸν
797 390 845 450 ἐπὶ
870 391 925 470 τήν
945 387 1044 468 κοινήν
1060 390 1204 469 διοίκησιν
1217 390 1332 450 εἵλεσθε

273 499 302 554 et
330 497 404 568 Hyp.
428 495 463 552 fr.
487 491 545 555 121
568 495 653 552 Blass
675 491 803 570 ταχθεὶς
824 490 872 550 ἐπὶ
895 495 936 572 τῇ
957 486 1098 569 διοικήσει
1119 490 1331 572 (Λυκοῦργος)

272 613 333 654 mee
348 597 409 654 iure
423 595 563 668 conligere
577 595 644 652 mihi
658 595 754 652 videor
767 595 822 651 iem
838 594 925 652 mulie
937 595 1004 652 ente
1025 594 1067 652 Ol.
1093 591 1161 664 120,
1186 593 1202 655 1
1218 596 1331 652 tilulum

272 696 415 769 publicum
436 696 522 767 eique
542 694 697 768 legitimum
719 693 808 751 fuisse
830 694 921 752 selum
942 689 995 752 τὸν
1017 690 1065 750 ἐπὶ
1088 695 1129 773 τῇ
1150 689 1303 770 διοικήσει.

372 795 470 867 Neque
499 794 578 851 illum
605 795 808 868 magistratum,
842 796 874 851 ut
899 795 955 852 iam
983 794 1067 852 simul
1095 792 1131 852 ed
1159 795 1333 868 provinciam

276 894 461 953 definiendam
481 895 663 953 transeuntes
685 895 792 966 relique
813 911 885 966 quae
898 895 929 952 in
941 895 1073 967 promptu
1087 895 1154 952 sunt
1168 895 1333 968 argumente

276 995 445 1064 adferamus,
488 1011 620 1067 umquem
654 996 762 1053 aerario
785 995 942 1068 praefuisse
964 1010 1054 1066 neque
1074 995 1200 1066 petuisse
1222 995 1332 1052 omnine

276 1090 388 1168 ταμίαν
408 1094 546 1152 nominari
564 1095 747 1168 probaturum
761 1111 804 1152 me
820 1111 882 1153 esse
897 1111 986 1166 spere.
1030 1094 1111 1163 Quod
1131 1111 1185 1167 qno
1208 1095 1333 1166 aperiius

276 1194 336 1265 fiel,
370 1211 443 1268 quee
472 1194 631 1252 Bceckhiue
666 1196 694 1252 ei
723 1195 772 1267 qui
801 1211 863 1252 eum
893 1194 982 1252 secuti
1008 1188 1108 1272 snnt¹)
1146 1196 1334 1266 exposuerunt

275 1295 458 1368 respiciamus
485 1295 602 1367 oportet.
646 1294 701 1364 Qui
727 1293 946 1353 adfirmaverunt
974 1289 1025 1352 τὸν
1054 1290 1102 1351 ἐπὶ
1130 1295 1171 1372 τῇ
1192 1287 1333 1370 διοικήσει

276 1395 385 1454 aerario
405 1395 516 1468 publico
538 1411 592 1467 que
615 1409 711 1452 omnes
732 1395 840 1452 reditus
862 1395 1034 1453 confluerent
1048 1395 1221 1467 preelectum
1235 1394 1334 1464 fuisse,

276 1496 342 1554 inde
363 1512 425 1553 eum
448 1494 635 1565 distribuisse,
658 1495 794 1566 quantum
814 1494 914 1566 cuique
936 1495 980 1552 vel
1000 1495 1180 1568 megisireiui
1199 1495 1245 1552 vel
1263 1494 1334 1566 pub-

276 1594 393 1653 licorum
415 1611 529 1666 eperum
551 1594 674 1652 curatori
694 1594 830 1667 pecuniae
859 1611 892 1652 ex
914 1596 1022 1652 aerario
1050 1595 1228 1668 adsignatum
1250 1595 1334 1652 esset.

277 1695 332 1753 Sed
358 1695 388 1752 in
414 1695 548 1754 Beecklrii
575 1694 765 1766 disputatione
793 1711 849 1751 nen
876 1695 968 1752 omnia
1002 1695 1072 1752 selis
1104 1694 1189 1767 plene
1221 1689 1334 1774 sunt,²)

277 1795 422 1853 offensioni
442 1795 495 1864 esi,
522 1793 596 1866 qued
617 1811 689 1866 quae
714 1811 750 1866 p.
775 1789 837 1855 215
857 1795 966 1866 prefert
985 1811 1047 1852 curn
1069 1795 1109 1851 eis
1130 1811 1201 1866 quee
1222 1813 1250 1867 p.
1274 1790 1335 1854 225

276 1894 409 1968 leguntur
430 1894 589 1966 discrepare
614 1893 754 1963 videniur,
784 1893 841 1950 illic
869 1895 942 1951 enim
969 1894 1128 1952 distributio
1155 1895 1335 1967 pecuniarum

276 1993 452 2068 publicarum
466 1993 619 2066 epcdeciis
640 1992 686 2050 hic
702 1994 844 2065 praefecte
859 1993 1109 2052 administrationis
1124 1988 1334 2068 adscribitur³),

277 2094 426 2153 discrimen
447 2095 542 2152 aulem
567 2093 641 2150 inter
668 2093 791 2151 efficium
817 2094 985 2166 adsignandi
1013 2095 1042 2152 et
1068 2095 1253 2153 distribuendi
1279 2111 1337 2152 nen

277 2194 435 2253 faciendum
464 2209 527 2252 esse
555 2209 663 2276 censeo·
693 2193 844 2265 Apodeeiie
871 2209 935 2251 vere
967 2193 1176 2253 distribuendae
1202 2195 1336 2267 pecuniae

229 2334 233 2341 ·
277 2293 398 2352 efficium
421 2309 452 2351 re
472 2310 540 2351 vere
561 2293 737 2351 commissum
759 2288 880 2374 finisse4)
903 2296 931 2352 ei
946 2294 1046 2352 exlex.
1063 2294 1134 2351 reth.
1151 2294 1214 2367 Seg.
1230 2311 1257 2367 p.
1275 2289 1336 2356 198

278 2394 326 2450 καὶ
363 2387 499 2472 ἐμέριζον
532 2389 573 2461 εἷς
599 2383 619 2448 ἃ
642 2387 705 2470 χρὴ
734 2386 912 2465 ἀναλίσκειν,
949 2393 978 2450 id
1012 2394 1086 2466 qued
1119 2409 1152 2450 ex
1185 2394 1338 2451 Aristotele

279 2494 394 2553 linxisse
408 2494 518 2553 videtur
539 2488 590 2572 (cf.
611 2493 703 2565 Etym.
726 2494 764 2550 M.
780 2510 808 2565 p.
826 2489 886 2553 124
900 2519 942 2544 =
956 2493 1076 2563 Bekker,
1099 2495 1195 2552 anecd.
1217 2512 1243 2567 p.
1259 2489 1337 2570 427)

281 2594 462 2668 consequitur
491 2595 519 2652 ei
548 2593 696 2666 praecipue
725 2593 818 2650 titulis
847 2594 980 2665 probatur
1016 2593 1051 2650 cf.
1082 2593 1215 2652 (114.
1244 2589 1337 2654 1138

281 2691 430 2772 με[ρ]ίσαι
462 2687 495 2750 δὲ
510 2688 575 2767 [τ]ὸ
597 2685 738 2771 α’ρνήριον
759 2685 795 2749 τὸ
823 2687 978 2770 εἰρημένον
1010 2691 1083 2760 τοὺς
1109 2685 1278 2761 ἀποδέκτας
1308 2689 1340 2749 ἐκ

382 2920 406 2985 1)
428 2917 558 2985 Imprimis
579 2917 610 2973 G.
631 2917 660 2973 F.
683 2919 842 2973 Schoemenn
863 2919 991 2989 Antiqui.
1013 2919 1060 2975 iur.
1078 2919 1147 2988 publ.
1169 2917 1213 2974 Gr.
1239 2937 1265 2986 p.
1281 2919 1339 2972 259.

283 2999 327 3054 Gr.
345 3000 396 3052 A.⁸
412 2999 426 3051 Ι
443 3017 467 3068 p.
483 3001 542 3054 444.

383 3083 409 3147 2)
427 3080 516 3134 Simile
532 3081 641 3136 sensisse
657 3080 759 3136 videtur
775 3084 795 3139 I.
814 3083 910 3136 eurise.
927 3083 944 3139 l.
961 3083 978 3136 1.
996 3101 1021 3152 p.
1039 3085 1056 3138 2
1072 3100 1109 3152 sq.
1303 3145 1307 3153 .

383 3165 410 3232 3)
428 3161 600 3217 Confereniur
620 3163 683 3218 haee
703 3182 729 3233 p.
747 3166 813 3220 215:
825 3164 944 3228 „endlich
964 3165 1101 3220 verceilten
1122 3165 1158 3220 sie
1180 3162 1341 3233 (epodeciee)

283 3245 400 3300 mildem
416 3246 472 3298 mee
490 3244 530 3298 die
548 3245 741 3313 eingelsnfenen
758 3263 882 3310 snmmen,
900 3246 924 3300 d.
935 3247 961 3300 h.
978 3247 1109 3301 schrieben
1126 3247 1163 3300 sie
1180 3262 1213 3300 en
1230 3245 1271 3300 die
1289 3246 1343 3300 ein-

284 3327 475 3382 zelnenlessen
492 3327 570 3381 iiber‘
586 3344 644 3381 eum
660 3327 702 3381 his
717 3345 742 3396 p.
760 3330 820 3382 225:
837 3328 963 3392 „welcher
980 3329 1004 3396 (ὁ
1023 3331 1066 3380 ἐπὶ
1084 3335 1115 3399 τῇ
1132 3326 1267 3396 διοικήσει)
1278 3327 1342 3383 elles

285 3408 367 3462 durch
390 3407 431 3462 die
457 3406 601 3476 epedekten
638 3409 847 3479 eingenommene
876 3409 930 3464 und
963 3427 1008 3463 zur
1047 3411 1159 3479 ausgebe
1192 3411 1342 3464 besiimmde

284 3491 346 3560 geld
361 3489 447 3545 erhilt
462 3489 515 3544 nnd
531 3489 572 3545 die
588 3491 721 3546 einzelnen
737 3493 828 3546 knssen
845 3492 928 3546 dandi
943 3495 1083 3562 versorgi“.

384 3575 411 3642 4)
428 3573 507 3628 Recte
524 3574 572 3627 hec
589 3574 684 3628 sicinii
699 3575 824 3642 Rangebd
841 3591 940 3644 quoque
957 3574 1046 3643 Aniiq.
1063 3573 1131 3628 Hell.
1147 3575 1182 3628 Π.
1199 3592 1224 3643 p.
1241 3575 1291 3628 451
1309 3573 1343 3627 ed
1432 3617 1433 3620 .

285 3673 312 3710 ιι.
329 3657 391 3711 818:
408 3655 457 3709 Les
474 3655 609 3724 upcdectes
626 3672 659 3710 ou
674 3673 805 3711 receveure
821 3657 921 3725 publice
939 3657 1037 3710 etaient
1052 3657 1182 3710 l'eudorite
1198 3655 1344 3720 finenciere,

286 3736 330 3806 qui
346 3735 434 3790 siser
449 3736 475 3790 n
491 3737 658 3792 mensuum
674 3738 794 3806 generare
815 3737 860 3792 ιιι
877 3738 979 3793 erens.
1001 3738 1032 3792 ιι.
1049 3739 1157 3794 essee.
1173 3735 1255 3790 παι.
1283 3742 1309 3789 ν
1328 3741 1344 3792 e
1432 3723 1433 3730 '

286 3843 320 3866 =
336 3837 361 3887 p.
380 3821 444 3875 1321
479 3862 484 3874 .
519 3857 525 3871 .
559 3863 565 3874 .
601 3815 664 3884 ἄλλη
688 3816 711 3870 δ’
734 3819 807 3890 ἀρχὴ,
829 3822 895 3889 πρὸς
917 3821 950 3885 ἢν
966 3818 995 3870 αἱ
1021 3817 1147 3891 πρόσοδοι
1168 3825 1225 3871 τῶν
1246 3825 1344 3871 κοινοῦν

286 3899 468 3970 ἀναφέρονται,
500 3899 559 3969 παρ’
592 3893 633 3952 ὧν
663 3897 853 3969 φυλαττόντων
878 3904 1066 3970 μερίζονται
1096 3903 1175 3973 πρὸς
1205 3903 1346 3967 ἑκάστην

289 3977 451 4045 διοίκησιν
467 3977 572 4032 καλοῦσι
591 3977 614 4032 δ’
634 3978 777 4034 ἀποδέκτας
793 3984 900 4034 τούτους
916 3987 959 4033 καὶ
975 3987 1073 4050 ταμίαι.
