2946 4602
732 223 753 286 4

213 395 281 464 talis
304 395 515 466 comprehensio
537 394 581 452 vel
602 394 740 451 transitus
755 396 845 468 magis
860 397 895 453 ab
910 397 1027 468 antiqua
1042 397 1167 468 corporis
1181 398 1272 455 forma

214 494 364 552 abhorrere
391 495 502 553 videtur
531 511 615 566 quam
644 494 871 552 narratiunculae
898 513 990 568 neque
1022 496 1096 554 inter
1124 513 1153 553 se
1181 513 1271 569 neque

214 611 276 652 cum
307 594 347 652 eis
378 611 450 666 quae
478 595 646 654 antecedunt
675 597 703 652 et
725 597 882 666 sequuntur
920 612 1068 654 connexae.
1112 597 1189 670 Ergo
1210 615 1272 655 cum

214 695 284 754 haec
304 695 390 753 verba
418 697 478 752 tum
507 711 633 767 eaquae
663 695 737 768 apud
759 694 849 752 solum
870 697 1003 754 Photium
1025 697 1137 753 exstant
1159 713 1185 769 p.
1210 693 1273 757 495

215 791 287 854 312
306 789 455 873 Φέρονται
481 790 513 851 δὲ
535 789 634 852 αὐτοῦ
656 788 886 873 ἀποφθέγματα
906 795 1033 853 πλεῖστα
1054 793 1101 852 καὶ
1122 797 1274 872 γνωμολο-

214 891 274 972 μάι
300 895 356 968 ipsi
383 896 487 954 Photio
513 896 636 954 tribuere
664 895 745 966 malo,
773 895 825 953 hoc
850 897 999 954 novissimo
1027 898 1171 954 enuntiato
1198 898 1274 956 haud

217 996 274 1054 scio
296 1013 334 1054 an
353 995 492 1054 indicetur
512 995 643 1053 Photium
665 996 756 1068 ipsum
779 995 979 1054 conlectionem
1007 997 1274 1070 apophthegmatum

217 1096 314 1169 quales
335 1096 425 1154 medio
447 1113 514 1155 aevo
537 1095 672 1168 plurimas
695 1095 872 1154 circumlatas
896 1112 958 1154 esse
974 1098 1085 1154 constat
1099 1097 1130 1154 iu
1146 1098 1274 1156 manibus

146 1239 149 1256 .
216 1196 359 1268 habuisse,
382 1197 432 1254 sed
454 1196 490 1253 ad
511 1197 584 1253 hanc
605 1213 664 1254 rem
686 1196 762 1253 inira
783 1198 917 1254 revertar.

316 1296 400 1355 Nunc
432 1296 516 1354 aliam
554 1296 691 1354 rationem
730 1296 924 1367 Ballheimeri,
961 1297 1006 1354 cui
1046 1296 1111 1370 plus
1144 1298 1276 1356 momenti

217 1397 316 1455 tribuit
341 1415 368 1470 p.
397 1391 426 1456 5.
456 1414 509 1468 sq,
530 1413 587 1454 uon
615 1397 764 1455 firmiorem
787 1413 848 1454 esse
876 1397 1087 1468 demonstrabo,
1119 1399 1148 1454 in
1181 1399 1276 1458 eadem

219 1499 292 1556 enim
315 1498 349 1556 de
370 1515 426 1569 qua
448 1497 556 1570 egimus
576 1498 658 1570 parte
681 1497 798 1567 „miram
814 1497 931 1554 duarum
945 1496 1105 1555 fabularum
1120 1499 1277 1556 conversio-

219 1602 301 1657 nem“
323 1598 397 1672 apud
411 1596 593 1655 Plutarchum
616 1597 709 1656 inesse
730 1597 883 1667 contendit,
899 1597 972 1670 quod
987 1599 1018 1654 ut
1032 1598 1178 1656 inlustrem
1192 1599 1277 1658 verba

221 1699 362 1772 adponere
383 1697 476 1755 liceat.

327 1797 402 1856 Plut.
426 1815 452 1855 v.
475 1793 515 1857 37
538 1813 617 1869 sqq.:
837 1797 920 1854 Phot.
944 1791 1011 1857 493
1033 1814 1050 1854 3
1075 1795 1111 1856 ll
1136 1815 1214 1870 sqq.:

221 1894 426 1977 προβαίνοντα
441 1893 479 1972 db
494 1891 573 1952 κατὰ
588 1892 643 1972 τὴν
665 1897 725 1952 τῶν
774 1891 850 1975 πρὸς
872 1891 905 1952 δὲ
926 1891 1000 1965 τοὺς
1022 1898 1079 1954 τοῦ
1094 1893 1197 1975 δήμου
1220 1898 1278 1955 θο-

221 1991 314 2076 λόγων
337 1994 424 2074 ἴσχον
446 1991 596 2075 ἔσοπτρον
619 1990 725 2078 Ιἴσομλέ-
773 1990 891 2076 ρύβοος
913 1991 1138 2075 ταραττόμενος
1155 1996 1205 2055 ἵνα
1233 1993 1278 2074 μὴ

221 2099 307 2177 γεθες
328 2092 414 2178 αὐτῷ
435 2090 657 2154 κατασκευάσαι
678 2093 727 2152 καὶ
778 2098 872 2154 τοῦτο
900 2089 1012 2172 πάσχοι
1042 2094 1090 2154 ent
1114 2095 1149 2157 τὸ
1175 2097 1280 2175 Φαλη-

224 2193 316 2278 πρὸς
359 2199 476 2255 τοῦτο
520 2191 727 2276 ἀφορῶντα
777 2191 858 2276 ρικὸν
895 2192 1007 2254 κατιὼν
1048 2193 1140 2278 πρὸς
1189 2194 1282 2268 τοὺς

224 2299 382 2375 μελετᾶν
407 2292 443 2355 ‘lv'
467 2290 726 2376 ἐπανορθώσηται
777 2298 854 2354 τῶν
877 2291 1193 2374 κυμάτωνῆχους
1215 2295 1282 2368 τὰς

224 2420 263 2457 τα
285 2396 464 2480 ἐλλείποντα·
776 2393 940 2472 μελέτας
963 2393 1137 2456 ε’ποιεῖτο
1158 2400 1203 2479 τῷ
1218 2393 1281 2456 ἔθει

777 2493 832 2574 τὴν
853 2491 945 2578 φύσιν
966 2492 1238 2578 ἐπανορθούμενος·

224 2631 272 2691 καὶ
294 2625 436 2690 κατιόντα
458 2629 506 2689 dni
530 2625 566 2688 τὸ
592 2628 728 2709 Φαληρι-
776 2624 851 2687 ἀλλὰ
885 2630 933 2688 καὶ
967 2625 1139 2711 κάτοπτρον
1182 2624 1282 2712 ἑαυτῷ

225 2729 275 2792 κὸν
297 2729 392 2814 πρὸς
414 2729 480 2800 τὰς
507 2732 581 2788 τιῦν
602 2725 728 2805 κομά-
776 2724 1016 2790 κατεσκευάσατο
1039 2729 1103 2790 ἴσον
1124 2727 1223 2790 αὐτοῦ
1238 2734 1283 2814 τῷ

226 2829 475 2909 τοονέμβολὰς
491 2827 557 2900 τὰς
573 2825 729 2904 σκέψεις
779 2827 901 2908 μεγέθει
923 2830 977 2900 εἷς
999 2823 1100 2900 dade
1123 2828 1282 2906 σκέψεις

226 2933 438 3005 ποιεῖσθαι,
466 2926 502 2989 ’ἶν’
523 2928 642 2990 εἴποτε
670 2931 730 2988 θο-
781 2926 928 3011 ἀφορῶν
951 2928 1124 2990 ε’ποιεΐτο
1143 2931 1193 2991 ἵνα
1213 2930 1282 2992 εἴτι

226 3031 337 3116 ροβοίη
359 3026 375 3092 ὃ
398 3030 505 3109 δῆμος,
533 3027 729 3109 μηέκσταιή.
780 3028 825 3107 εἴη
847 3028 1098 3112 παρημελημένον
1119 3034 1183 3091 κτλ.

325 3134 402 3204 Quas
423 3133 599 3191 narrationes
622 3150 639 3190 a
659 3131 810 3190 Plutarcho
838 3131 920 3191 aliter
947 3135 1033 3206 atque
1054 3151 1071 3191 a
1092 3135 1192 3194 Photio
1216 3153 1282 3194 con-

225 3235 334 3294 locatas
361 3251 424 3294 esse
452 3233 552 3303 elucet,
581 3249 757 3307 nequaquam
783 3249 849 3291 vero
876 3233 905 3290 id
932 3235 1039 3292 certum
1068 3236 1112 3292 est
1149 3236 1222 3307 quod
1248 3235 1282 3292 Β.

226 3335 358 3394 adfirmat
384 3333 573 3391 aPlutarcho
602 3334 791 3406 transpositas
818 3335 903 3405 atque
928 3334 1058 3392 turbatas
1080 3351 1150 3393 esse.
1194 3335 1283 3394 Multo

226 3436 301 3495 enim
314 3434 408 3507 aptius
422 3449 485 3492 esse
499 3434 532 3492 Β.
548 3434 678 3507 opinatur
691 3433 786 3491 Photii
799 3434 868 3491 illud
882 3429 958 3514 πρὸς
972 3430 1045 3503 τοὺς
1061 3479 1066 3492 .
1085 3479 1091 3493 .
1116 3426 1210 3512 ἤχους
1228 3429 1284 3503 τὰς

227 3530 354 3610 μελέτας
370 3531 498 3592 ε’ποιεῖτο
512 3551 595 3606 quam
609 3534 755 3591 Plutarchi
767 3530 842 3613 πρὸς
855 3528 910 3602 τὰς
921 3536 981 3592 τῶν
991 3527 1136 3610 κυμάτων
1152 3529 1285 3610 ἐμβολὰς

228 3630 284 3704 τὰς
312 3630 435 3710 σκέψεις
463 3634 617 3692 ποιεῖσθαι
628 3629 662 3710 1),
696 3650 769 3706 quae
797 3635 946 3692 novissima
973 3637 1056 3695 verba
1078 3636 1114 3692 ad
1137 3629 1285 3714 ἔσοπτρον

227 3737 374 3809 quadrent.
428 3735 549 3794 Fallitur
583 3751 648 3792 vero
677 3735 711 3791 B.
749 3735 801 3791 hac
836 3735 1055 3808 ratiocinatione,
1090 3753 1156 3793 uam
1191 3735 1285 3794 verbis

329 3930 353 3996 1)
371 3927 445 3981 Nihil
460 3928 584 3998 probatur
600 3927 694 3981 Zosimi
710 3927 765 3981 loco
778 3945 801 3981 v.
814 3930 847 3983 75
855 3929 895 3992 W,
912 3929 957 3983 ubi
973 3926 1195 3996 aebtdvhberius
1212 3945 1286 3984 usur-

228 4012 305 4086 patur
322 4011 353 4072 of.
370 4011 447 4069 Phot.
463 4013 513 4069 492
530 4012 546 4069 b
563 4012 595 4067 41
612 4007 703 4085 μελέτη
720 4010 737 4063 i.
755 4027 775 4064 e.
793 4011 979 4072 exercitatione,
