<?xml version="1.0" encoding="UTF-8"?>
<!DOCTYPE html PUBLIC "-//W3C//DTD XHTML 1.0 Transitional//EN"
    "http://www.w3.org/TR/xhtml1/DTD/xhtml1-transitional.dtd">
<html xmlns="http://www.w3.org/1999/xhtml" xml:lang="en" lang="en">
 <head>
  <title>
</title>
<meta http-equiv="Content-Type" content="text/html;charset=utf-8" />
  <meta name='ocr-system' content='tesseract 3.04.00' />
  <meta name='ocr-capabilities' content='ocr_page ocr_carea ocr_par ocr_line ocrx_word'/>
</head>
<body>
  <div class='ocr_page' id='page_1' title='image "./delycurgoatheni00droegoog_0012.png"; bbox 0 0 2946 4602; ppageno 0'>
   <div class='ocr_carea' id='block_1_1' title="bbox 722 271 742 335">
    <p class='ocr_par' dir='ltr' id='par_1_1' title="bbox 722 271 742 335">
     <span class='ocr_line' id='line_1_1' title="bbox 722 271 742 335; baseline 0 0"><span class='ocrx_word' id='word_1_1' title='bbox 722 271 742 335; x_wconf 87' lang='lat'>3</span> 
     </span>
    </p>
   </div>
   <div class='ocr_carea' id='block_1_2' title="bbox 198 441 1261 2630">
    <p class='ocr_par' dir='ltr' id='par_1_2' title="bbox 198 441 1261 2630">
     <span class='ocr_line' id='line_1_2' title="bbox 199 441 1257 518; baseline -0.003 -14"><span class='ocrx_word' id='word_1_2' title='bbox 199 463 255 504; x_wconf 89' lang='lat' dir='ltr'>non</span> <span class='ocrx_word' id='word_1_3' title='bbox 276 446 373 518; x_wconf 87' lang='lat' dir='ltr'>aperte</span> <span class='ocrx_word' id='word_1_4' title='bbox 393 442 527 500; x_wconf 88' lang='lat' dir='ltr'>indicavit</span> <span class='ocrx_word' id='word_1_5' title='bbox 554 458 587 510; x_wconf 81' lang='lat' dir='ltr'>ex</span> <span class='ocrx_word' id='word_1_6' title='bbox 608 441 712 500; x_wconf 88' lang='lat' dir='ltr'>talibus</span> <span class='ocrx_word' id='word_1_7' title='bbox 735 442 860 500; x_wconf 89' lang='lat' dir='ltr'>fontibus</span> <span class='ocrx_word' id='word_1_8' title='bbox 882 441 1073 500; x_wconf 89' lang='lat' dir='ltr'>additamenta</span> <span class='ocrx_word' id='word_1_9' title='bbox 1096 443 1257 517; x_wconf 83' lang='lat' dir='ltr'>depromere</span> 
     </span>
     <span class='ocr_line' id='line_1_3' title="bbox 198 541 1257 621; baseline -0.003 -18"><span class='ocrx_word' id='word_1_10' title='bbox 198 545 306 621; x_wconf 86' lang='lat' dir='ltr'>potuit,</span> <span class='ocrx_word' id='word_1_11' title='bbox 343 561 409 602; x_wconf 90' lang='lat' dir='ltr'>nam</span> <span class='ocrx_word' id='word_1_12' title='bbox 436 558 469 601; x_wconf 84' lang='lat' dir='ltr'>ex</span> <span class='ocrx_word' id='word_1_13' title='bbox 495 541 552 600; x_wconf 93' lang='lat' dir='ltr'>illis</span> <span class='ocrx_word' id='word_1_14' title='bbox 582 543 743 600; x_wconf 91' lang='lat' dir='ltr'>auctoribus</span> <span class='ocrx_word' id='word_1_15' title='bbox 777 543 822 602; x_wconf 89' lang='lat' dir='ltr'>vol</span> <span class='ocrx_word' id='word_1_16' title='bbox 848 559 882 601; x_wconf 83' lang='lat' dir='ltr'>ex</span> <span class='ocrx_word' id='word_1_17' title='bbox 916 542 1092 614; x_wconf 86' lang='lat' dir='ltr'>compendio,</span> <span class='ocrx_word' id='word_1_18' title='bbox 1127 559 1182 616; x_wconf 92' lang='lat' dir='ltr'>quo</span> <span class='ocrx_word' id='word_1_19' title='bbox 1214 542 1257 601; x_wconf 90' lang='lat' dir='ltr'>illi</span> 
     </span>
     <span class='ocr_line' id='line_1_4' title="bbox 199 642 1257 726; baseline -0.003 -21"><span class='ocrx_word' id='word_1_20' title='bbox 199 645 424 714; x_wconf 79' lang='lat' dir='ltr'>continebantur,</span> <span class='ocrx_word' id='word_1_21' title='bbox 446 643 539 720; x_wconf 90' lang='lat' dir='ltr'>ipsum</span> <span class='ocrx_word' id='word_1_22' title='bbox 558 643 691 726; x_wconf 84' lang='lat' dir='ltr'>Photinm</span> <span class='ocrx_word' id='word_1_23' title='bbox 712 659 785 715; x_wconf 89' lang='lat' dir='ltr'>quae</span> <span class='ocrx_word' id='word_1_24' title='bbox 807 642 899 700; x_wconf 79' lang='lat' dir='ltr'>adfert</span> <span class='ocrx_word' id='word_1_25' title='bbox 919 642 1052 703; x_wconf 72' lang='lat' dir='ltr'>hausisse</span> <span class='ocrx_word' id='word_1_26' title='bbox 1072 644 1257 716; x_wconf 85' lang='lat' dir='ltr'>persuasissi-</span> 
     </span>
     <span class='ocr_line' id='line_1_5' title="bbox 199 737 630 806; baseline -0.005 0"><span class='ocrx_word' id='word_1_27' title='bbox 199 764 274 806; x_wconf 87' lang='lat' dir='ltr'>mum</span> <span class='ocrx_word' id='word_1_28' title='bbox 294 745 393 804; x_wconf 84' lang='lat' dir='ltr'>haben.</span> <span class='ocrx_word' id='word_1_29' title='bbox 582 789 584 794; x_wconf 84' lang='lat'>-</span> <span class='ocrx_word' id='word_1_30' title='bbox 629 737 630 742; x_wconf 33' lang='lat'>¹</span> 
     </span>
     <span class='ocr_line' id='line_1_6' title="bbox 297 842 1259 917; baseline -0.002 -13"><span class='ocrx_word' id='word_1_31' title='bbox 297 845 353 904; x_wconf 86' lang='lat' dir='ltr'>Sed</span> <span class='ocrx_word' id='word_1_32' title='bbox 374 845 411 902; x_wconf 91' lang='lat' dir='ltr'>ad</span> <span class='ocrx_word' id='word_1_33' title='bbox 432 842 544 917; x_wconf 86' lang='lat' dir='ltr'>singula</span> <span class='ocrx_word' id='word_1_34' title='bbox 564 843 740 901; x_wconf 87' lang='lat' dir='ltr'>accedamus.</span> <span class='ocrx_word' id='word_1_35' title='bbox 781 842 873 900; x_wconf 89' lang='lat' dir='ltr'>Multa</span> <span class='ocrx_word' id='word_1_36' title='bbox 894 859 966 915; x_wconf 91' lang='lat' dir='ltr'>quae</span> <span class='ocrx_word' id='word_1_37' title='bbox 986 844 1061 917; x_wconf 91' lang='lat' dir='ltr'>apud</span> <span class='ocrx_word' id='word_1_38' title='bbox 1075 843 1259 902; x_wconf 83' lang='lat' dir='ltr'>Plutarchum</span> 
     </span>
     <span class='ocr_line' id='line_1_7' title="bbox 199 943 1260 1024; baseline -0.001 -19"><span class='ocrx_word' id='word_1_39' title='bbox 199 947 310 1017; x_wconf 89' lang='lat' dir='ltr'>desunt,</span> <span class='ocrx_word' id='word_1_40' title='bbox 347 944 461 1003; x_wconf 84' lang='lat' dir='ltr'>exstant</span> <span class='ocrx_word' id='word_1_41' title='bbox 492 943 567 1017; x_wconf 90' lang='lat' dir='ltr'>apud</span> <span class='ocrx_word' id='word_1_42' title='bbox 600 943 732 1024; x_wconf 85' lang='lat' dir='ltr'>Photium</span> <span class='ocrx_word' id='word_1_43' title='bbox 777 943 960 1021; x_wconf 25' lang='lat' dir='ltr'>exemplaris·</span> <span class='ocrx_word' id='word_1_44' title='bbox 976 944 1109 1002; x_wconf 89' lang='lat' dir='ltr'>Photiani</span> <span class='ocrx_word' id='word_1_45' title='bbox 1141 945 1260 1004; x_wconf 88' lang='lat' dir='ltr'>bonitati</span> 
     </span>
     <span class='ocr_line' id='line_1_8' title="bbox 198 1043 1259 1117; baseline 0 -12"><span class='ocrx_word' id='word_1_46' title='bbox 198 1047 347 1106; x_wconf 86' lang='lat' dir='ltr'>tribuenda</span> <span class='ocrx_word' id='word_1_47' title='bbox 362 1046 438 1116; x_wconf 92' lang='lat' dir='ltr'>sunt,</span> <span class='ocrx_word' id='word_1_48' title='bbox 453 1045 527 1117; x_wconf 92' lang='lat' dir='ltr'>quod</span> <span class='ocrx_word' id='word_1_49' title='bbox 542 1043 666 1102; x_wconf 87' lang='lat' dir='ltr'>eiusdem</span> <span class='ocrx_word' id='word_1_50' title='bbox 680 1044 764 1115; x_wconf 88' lang='lat' dir='ltr'>atquo</span> <span class='ocrx_word' id='word_1_51' title='bbox 783 1044 872 1101; x_wconf 86' lang='lat' dir='ltr'>nostri</span> <span class='ocrx_word' id='word_1_52' title='bbox 885 1043 1015 1102; x_wconf 87' lang='lat' dir='ltr'>Vitarum</span> <span class='ocrx_word' id='word_1_53' title='bbox 1026 1044 1259 1106; x_wconf 90' lang='lat' dir='ltr'>Plutarchearum</span> 
     </span>
     <span class='ocr_line' id='line_1_9' title="bbox 199 1143 1257 1220; baseline -0.001 -14"><span class='ocrx_word' id='word_1_54' title='bbox 199 1148 308 1206; x_wconf 86' lang='lat' dir='ltr'>codices</span> <span class='ocrx_word' id='word_1_55' title='bbox 330 1145 453 1220; x_wconf 82' lang='lat' dir='ltr'>gamaria,</span> <span class='ocrx_word' id='word_1_56' title='bbox 479 1146 575 1202; x_wconf 89' lang='lat' dir='ltr'>tamen</span> <span class='ocrx_word' id='word_1_57' title='bbox 602 1143 768 1216; x_wconf 85' lang='lat' dir='ltr'>antiquioris</span> <span class='ocrx_word' id='word_1_58' title='bbox 796 1144 899 1203; x_wconf 88' lang='lat' dir='ltr'>aetatis</span> <span class='ocrx_word' id='word_1_59' title='bbox 928 1146 1071 1204; x_wconf 88' lang='lat' dir='ltr'>commoda</span> <span class='ocrx_word' id='word_1_60' title='bbox 1096 1146 1257 1218; x_wconf 87' lang='lat' dir='ltr'>praebebat.</span> 
     </span>
     <span class='ocr_line' id='line_1_10' title="bbox 200 1234 1258 1329; baseline -0.002 -23"><span class='ocrx_word' id='word_1_61' title='bbox 200 1247 283 1306; x_wconf 83' lang='lat' dir='ltr'>Pales</span> <span class='ocrx_word' id='word_1_62' title='bbox 298 1246 473 1305; x_wconf 87' lang='lat' dir='ltr'>accessiones</span> <span class='ocrx_word' id='word_1_63' title='bbox 488 1245 555 1303; x_wconf 92' lang='lat' dir='ltr'>sunt</span> <span class='ocrx_word' id='word_1_64' title='bbox 569 1244 643 1302; x_wconf 89' lang='lat' dir='ltr'>vitae</span> <span class='ocrx_word' id='word_1_65' title='bbox 662 1244 780 1302; x_wconf 90' lang='lat' dir='ltr'>Isocrat.</span> <span class='ocrx_word' id='word_1_66' title='bbox 796 1245 881 1302; x_wconf 88' lang='lat' dir='ltr'>verba</span> <span class='ocrx_word' id='word_1_67' title='bbox 896 1234 1037 1325; x_wconf 78' lang='grc' dir='ltr'><em>Ξενοφῶν</em></span> <span class='ocrx_word' id='word_1_68' title='bbox 1052 1237 1068 1304; x_wconf 84' lang='grc' dir='ltr'><em>ὃ</em></span> <span class='ocrx_word' id='word_1_69' title='bbox 1083 1241 1223 1326; x_wconf 75' lang='grc' dir='ltr'><em>Γρύλλου</em></span> <span class='ocrx_word' id='word_1_70' title='bbox 1233 1244 1258 1329; x_wconf 83' lang='lat'>¹)</span> 
     </span>
     <span class='ocr_line' id='line_1_11' title="bbox 199 1341 1257 1428; baseline 0.003 -22"><span class='ocrx_word' id='word_1_71' title='bbox 199 1349 283 1408; x_wconf 90' lang='lat' dir='ltr'>Phot.</span> <span class='ocrx_word' id='word_1_72' title='bbox 303 1341 366 1406; x_wconf 83' lang='grc'>486</span> <span class='ocrx_word' id='word_1_73' title='bbox 383 1347 401 1403; x_wconf 95' lang='lat' dir='ltr'>b</span> <span class='ocrx_word' id='word_1_74' title='bbox 416 1341 466 1416; x_wconf 86' lang='lat'>36,</span> <span class='ocrx_word' id='word_1_75' title='bbox 482 1361 555 1417; x_wconf 87' lang='lat' dir='ltr'>quae</span> <span class='ocrx_word' id='word_1_76' title='bbox 569 1345 644 1416; x_wconf 90' lang='lat' dir='ltr'>apud</span> <span class='ocrx_word' id='word_1_77' title='bbox 655 1344 841 1402; x_wconf 82' lang='lat' dir='ltr'>Plutarchum</span> <span class='ocrx_word' id='word_1_78' title='bbox 855 1363 880 1403; x_wconf 85' lang='lat' dir='ltr'>v.</span> <span class='ocrx_word' id='word_1_79' title='bbox 896 1341 938 1405; x_wconf 89' lang='lat'>41</span> <span class='ocrx_word' id='word_1_80' title='bbox 950 1342 1022 1428; x_wconf 75' lang='lat' dir='ltr'>W2)</span> <span class='ocrx_word' id='word_1_81' title='bbox 1048 1348 1257 1424; x_wconf 88' lang='lat' dir='ltr'>desiderantur;</span> 
     </span>
     <span class='ocr_line' id='line_1_12' title="bbox 200 1429 1258 1522; baseline 0.004 -15"><span class='ocrx_word' id='word_1_82' title='bbox 200 1448 298 1507; x_wconf 84' lang='lat' dir='ltr'>deinde</span> <span class='ocrx_word' id='word_1_83' title='bbox 318 1446 402 1504; x_wconf 84' lang='lat' dir='ltr'>Phot.</span> <span class='ocrx_word' id='word_1_84' title='bbox 424 1441 488 1506; x_wconf 87' lang='lat'>490</span> <span class='ocrx_word' id='word_1_85' title='bbox 509 1446 528 1503; x_wconf 94' lang='lat' dir='ltr'>b</span> <span class='ocrx_word' id='word_1_86' title='bbox 552 1441 591 1505; x_wconf 90' lang='grc'>13</span> <span class='ocrx_word' id='word_1_87' title='bbox 607 1440 637 1501; x_wconf 75' lang='grc' dir='ltr'>ἓν</span> <span class='ocrx_word' id='word_1_88' title='bbox 656 1448 721 1512; x_wconf 81' lang='grc' dir='ltr'><strong><em>τοῖς</em></strong></span> <span class='ocrx_word' id='word_1_89' title='bbox 742 1439 820 1501; x_wconf 83' lang='grc' dir='ltr'>κατὰ</span> <span class='ocrx_word' id='word_1_90' title='bbox 843 1438 961 1522; x_wconf 75' lang='grc' dir='ltr'><strong><em>δήμους</em></strong></span> <span class='ocrx_word' id='word_1_91' title='bbox 977 1429 1160 1520; x_wconf 79' lang='grc' dir='ltr'><strong><em>Διονυσίοις,</em></strong></span> <span class='ocrx_word' id='word_1_92' title='bbox 1182 1450 1258 1511; x_wconf 85' lang='lat' dir='ltr'>Plut.</span> 
     </span>
     <span class='ocr_line' id='line_1_13' title="bbox 198 1540 1258 1620; baseline 0.003 -13"><span class='ocrx_word' id='word_1_93' title='bbox 198 1549 247 1607; x_wconf 81' lang='lat' dir='ltr'>vit.</span> <span class='ocrx_word' id='word_1_94' title='bbox 269 1547 370 1606; x_wconf 86' lang='lat' dir='ltr'>Aesch.</span> <span class='ocrx_word' id='word_1_95' title='bbox 395 1545 412 1608; x_wconf 83' lang='grc'>7</span> <span class='ocrx_word' id='word_1_96' title='bbox 436 1547 474 1604; x_wconf 91' lang='lat' dir='ltr'>W</span> <span class='ocrx_word' id='word_1_97' title='bbox 511 1541 541 1603; x_wconf 77' lang='grc' dir='ltr'>ἓν</span> <span class='ocrx_word' id='word_1_98' title='bbox 562 1549 627 1614; x_wconf 80' lang='grc' dir='ltr'><strong><em>τοῖς</em></strong></span> <span class='ocrx_word' id='word_1_99' title='bbox 649 1540 824 1613; x_wconf 78' lang='grc' dir='ltr'><strong><em>Διονυσίοις</em></strong></span> <span class='ocrx_word' id='word_1_100' title='bbox 849 1545 992 1620; x_wconf 84' lang='lat' dir='ltr'>leguntur,</span> <span class='ocrx_word' id='word_1_101' title='bbox 1019 1549 1080 1606; x_wconf 86' lang='lat' dir='ltr'>tum</span> <span class='ocrx_word' id='word_1_102' title='bbox 1110 1549 1186 1609; x_wconf 86' lang='lat' dir='ltr'>Plut.</span> <span class='ocrx_word' id='word_1_103' title='bbox 1210 1552 1258 1610; x_wconf 81' lang='lat' dir='ltr'>vit.</span> 
     </span>
     <span class='ocr_line' id='line_1_14' title="bbox 199 1639 1261 1726; baseline 0.006 -21"><span class='ocrx_word' id='word_1_104' title='bbox 199 1649 277 1706; x_wconf 84' lang='lat' dir='ltr'>Dem.</span> <span class='ocrx_word' id='word_1_105' title='bbox 299 1643 341 1707; x_wconf 82' lang='lat'>26</span> <span class='ocrx_word' id='word_1_106' title='bbox 362 1646 399 1703; x_wconf 91' lang='lat' dir='ltr'>W</span> <span class='ocrx_word' id='word_1_107' title='bbox 414 1647 531 1706; x_wconf 85' lang='lat' dir='ltr'>verbum</span> <span class='ocrx_word' id='word_1_108' title='bbox 555 1639 640 1726; x_wconf 75' lang='grc' dir='ltr'><em>ἀφείς</em></span> <span class='ocrx_word' id='word_1_109' title='bbox 660 1647 734 1717; x_wconf 87' lang='lat' dir='ltr'>quod</span> <span class='ocrx_word' id='word_1_110' title='bbox 756 1645 850 1703; x_wconf 81' lang='lat' dir='ltr'>exstat</span> <span class='ocrx_word' id='word_1_111' title='bbox 870 1647 954 1705; x_wconf 90' lang='lat' dir='ltr'>Phot.</span> <span class='ocrx_word' id='word_1_112' title='bbox 976 1643 1039 1709; x_wconf 83' lang='lat'>492</span> <span class='ocrx_word' id='word_1_113' title='bbox 1060 1649 1079 1706; x_wconf 92' lang='lat' dir='ltr'>b</span> <span class='ocrx_word' id='word_1_114' title='bbox 1101 1645 1142 1710; x_wconf 88' lang='grc'>36</span> <span class='ocrx_word' id='word_1_115' title='bbox 1164 1651 1261 1725; x_wconf 86' lang='lat' dir='ltr'>negle-</span> 
     </span>
     <span class='ocr_line' id='line_1_15' title="bbox 198 1747 1258 1822; baseline 0.004 -16"><span class='ocrx_word' id='word_1_116' title='bbox 198 1747 295 1822; x_wconf 88' lang='lat' dir='ltr'>gentia</span> <span class='ocrx_word' id='word_1_117' title='bbox 315 1747 493 1806; x_wconf 90' lang='lat' dir='ltr'>librariorum</span> <span class='ocrx_word' id='word_1_118' title='bbox 515 1747 649 1806; x_wconf 89' lang='lat' dir='ltr'>omissum</span> <span class='ocrx_word' id='word_1_119' title='bbox 671 1763 735 1805; x_wconf 91' lang='lat' dir='ltr'>esse</span> <span class='ocrx_word' id='word_1_120' title='bbox 756 1747 864 1820; x_wconf 86' lang='lat' dir='ltr'>opinor,</span> <span class='ocrx_word' id='word_1_121' title='bbox 886 1747 916 1804; x_wconf 91' lang='lat' dir='ltr'>in</span> <span class='ocrx_word' id='word_1_122' title='bbox 939 1749 1098 1808; x_wconf 83' lang='lat' dir='ltr'>contextum</span> <span class='ocrx_word' id='word_1_123' title='bbox 1113 1751 1186 1810; x_wconf 89' lang='lat' dir='ltr'>onim</span> <span class='ocrx_word' id='word_1_124' title='bbox 1200 1753 1258 1810; x_wconf 88' lang='lat' dir='ltr'>tam</span> 
     </span>
     <span class='ocr_line' id='line_1_16' title="bbox 198 1846 1259 1926; baseline 0.006 -19"><span class='ocrx_word' id='word_1_125' title='bbox 198 1848 270 1907; x_wconf 90' lang='lat' dir='ltr'>male</span> <span class='ocrx_word' id='word_1_126' title='bbox 291 1847 460 1922; x_wconf 91' lang='lat' dir='ltr'>dispositum</span> <span class='ocrx_word' id='word_1_127' title='bbox 482 1847 592 1919; x_wconf 86' lang='lat' dir='ltr'>qualem</span> <span class='ocrx_word' id='word_1_128' title='bbox 613 1846 748 1906; x_wconf 87' lang='lat' dir='ltr'>habemus</span> <span class='ocrx_word' id='word_1_129' title='bbox 769 1848 898 1908; x_wconf 82' lang='lat' dir='ltr'>vitarum</span> <span class='ocrx_word' id='word_1_130' title='bbox 912 1848 937 1904; x_wconf 88' lang='lat' dir='ltr'>X</span> <span class='ocrx_word' id='word_1_131' title='bbox 953 1865 1006 1906; x_wconf 90' lang='lat' dir='ltr'>orr.</span> <span class='ocrx_word' id='word_1_132' title='bbox 1022 1849 1153 1911; x_wconf 91' lang='lat' dir='ltr'>facillime</span> <span class='ocrx_word' id='word_1_133' title='bbox 1174 1853 1259 1926; x_wconf 88' lang='lat' dir='ltr'>atque</span> 
     </span>
     <span class='ocr_line' id='line_1_17' title="bbox 199 1947 1259 2033; baseline 0.002 -24"><span class='ocrx_word' id='word_1_134' title='bbox 199 1949 362 2022; x_wconf 87' lang='lat' dir='ltr'>saepissime</span> <span class='ocrx_word' id='word_1_135' title='bbox 384 1948 485 2007; x_wconf 88' lang='lat' dir='ltr'>menda</span> <span class='ocrx_word' id='word_1_136' title='bbox 505 1947 683 2005; x_wconf 86' lang='lat' dir='ltr'>librariorum</span> <span class='ocrx_word' id='word_1_137' title='bbox 704 1947 858 2020; x_wconf 88' lang='lat' dir='ltr'>inrepsisse</span> <span class='ocrx_word' id='word_1_138' title='bbox 881 1951 1100 2009; x_wconf 89' lang='lat' dir='ltr'>consentaneum</span> <span class='ocrx_word' id='word_1_139' title='bbox 1121 1949 1211 2033; x_wconf 83' lang='lat' dir='ltr'>est.³)</span> <span class='ocrx_word' id='word_1_140' title='bbox 1253 1959 1259 1974; x_wconf 83' lang='lat'><strong><em>¹</em></strong></span> 
     </span>
     <span class='ocr_line' id='line_1_18' title="bbox 298 2047 1260 2126; baseline 0.009 -20"><span class='ocrx_word' id='word_1_141' title='bbox 298 2048 328 2106; x_wconf 86' lang='lat' dir='ltr'>Si</span> <span class='ocrx_word' id='word_1_142' title='bbox 355 2049 392 2107; x_wconf 90' lang='lat' dir='ltr'>ad</span> <span class='ocrx_word' id='word_1_143' title='bbox 418 2047 525 2106; x_wconf 90' lang='lat' dir='ltr'>maiora</span> <span class='ocrx_word' id='word_1_144' title='bbox 556 2047 747 2107; x_wconf 87' lang='lat' dir='ltr'>additamenta</span> <span class='ocrx_word' id='word_1_145' title='bbox 784 2063 857 2120; x_wconf 89' lang='lat' dir='ltr'>quae</span> <span class='ocrx_word' id='word_1_146' title='bbox 883 2047 959 2106; x_wconf 91' lang='lat' dir='ltr'>solus</span> <span class='ocrx_word' id='word_1_147' title='bbox 991 2050 1111 2110; x_wconf 87' lang='lat' dir='ltr'>Photius</span> <span class='ocrx_word' id='word_1_148' title='bbox 1142 2056 1260 2126; x_wconf 90' lang='lat' dir='ltr'>praehet</span> 
     </span>
     <span class='ocr_line' id='line_1_19' title="bbox 199 2147 1259 2224; baseline 0.006 -15"><span class='ocrx_word' id='word_1_149' title='bbox 199 2149 435 2224; x_wconf 82' lang='lat' dir='ltr'>transgredimur,</span> <span class='ocrx_word' id='word_1_150' title='bbox 453 2148 572 2221; x_wconf 92' lang='lat' dir='ltr'>primum</span> <span class='ocrx_word' id='word_1_151' title='bbox 587 2148 685 2206; x_wconf 91' lang='lat' dir='ltr'>miram</span> <span class='ocrx_word' id='word_1_152' title='bbox 702 2149 735 2205; x_wconf 91' lang='lat' dir='ltr'>de</span> <span class='ocrx_word' id='word_1_153' title='bbox 749 2147 937 2208; x_wconf 90' lang='lat' dir='ltr'>Demosthene</span> <span class='ocrx_word' id='word_1_154' title='bbox 952 2150 1077 2224; x_wconf 89' lang='lat' dir='ltr'>spirandi</span> <span class='ocrx_word' id='word_1_155' title='bbox 1092 2151 1259 2215; x_wconf 86' lang='lat' dir='ltr'>difficultate</span> 
     </span>
     <span class='ocr_line' id='line_1_20' title="bbox 198 2245 1257 2329; baseline 0.007 -21"><span class='ocrx_word' id='word_1_156' title='bbox 198 2267 296 2324; x_wconf 87' lang='lat' dir='ltr'>presso</span> <span class='ocrx_word' id='word_1_157' title='bbox 322 2249 569 2320; x_wconf 85' lang='lat' dir='ltr'>narratiunculam,</span> <span class='ocrx_word' id='word_1_158' title='bbox 600 2265 672 2321; x_wconf 92' lang='lat' dir='ltr'>quae</span> <span class='ocrx_word' id='word_1_159' title='bbox 695 2250 774 2308; x_wconf 89' lang='lat' dir='ltr'>deest</span> <span class='ocrx_word' id='word_1_160' title='bbox 802 2247 878 2307; x_wconf 92' lang='lat' dir='ltr'>Plut.</span> <span class='ocrx_word' id='word_1_161' title='bbox 900 2250 979 2309; x_wconf 90' lang='lat' dir='ltr'>Dem.</span> <span class='ocrx_word' id='word_1_162' title='bbox 1001 2245 1043 2310; x_wconf 90' lang='lat'>43</span> <span class='ocrx_word' id='word_1_163' title='bbox 1065 2252 1110 2324; x_wconf 91' lang='lat' dir='ltr'>W,</span> <span class='ocrx_word' id='word_1_164' title='bbox 1138 2255 1257 2329; x_wconf 90' lang='lat' dir='ltr'>abipso</span> 
     </span>
     <span class='ocr_line' id='line_1_21' title="bbox 198 2345 1258 2428; baseline 0.007 -19"><span class='ocrx_word' id='word_1_165' title='bbox 198 2352 300 2409; x_wconf 89' lang='lat' dir='ltr'>Photio</span> <span class='ocrx_word' id='word_1_166' title='bbox 325 2368 353 2424; x_wconf 91' lang='lat' dir='ltr'>p.</span> <span class='ocrx_word' id='word_1_167' title='bbox 376 2346 439 2410; x_wconf 85' lang='lat'>493</span> <span class='ocrx_word' id='word_1_168' title='bbox 467 2345 547 2408; x_wconf 79' lang='lat' dir='ltr'>aaa</span> <span class='ocrx_word' id='word_1_169' title='bbox 575 2365 637 2422; x_wconf 90' lang='lat' dir='ltr'>sqq.</span> <span class='ocrx_word' id='word_1_170' title='bbox 667 2349 791 2407; x_wconf 87' lang='lat' dir='ltr'>additam</span> <span class='ocrx_word' id='word_1_171' title='bbox 824 2365 887 2410; x_wconf 88' lang='lat' dir='ltr'>csse</span> <span class='ocrx_word' id='word_1_172' title='bbox 915 2351 983 2409; x_wconf 92' lang='lat' dir='ltr'>mihi</span> <span class='ocrx_word' id='word_1_173' title='bbox 1009 2355 1147 2426; x_wconf 88' lang='lat' dir='ltr'>persuasi,</span> <span class='ocrx_word' id='word_1_174' title='bbox 1176 2373 1258 2428; x_wconf 92' lang='lat' dir='ltr'>quem</span> 
     </span>
     <span class='ocr_line' id='line_1_22' title="bbox 199 2449 1258 2524; baseline 0.005 -13"><span class='ocrx_word' id='word_1_175' title='bbox 199 2452 316 2512; x_wconf 87' lang='lat' dir='ltr'>cundem</span> <span class='ocrx_word' id='word_1_176' title='bbox 337 2451 376 2508; x_wconf 92' lang='lat' dir='ltr'>in·</span> <span class='ocrx_word' id='word_1_177' title='bbox 389 2451 453 2524; x_wconf 87' lang='lat' dir='ltr'>ipsa</span> <span class='ocrx_word' id='word_1_178' title='bbox 466 2449 663 2510; x_wconf 87' lang='lat' dir='ltr'>Demosthenis</span> <span class='ocrx_word' id='word_1_179' title='bbox 685 2450 744 2507; x_wconf 81' lang='lat' dir='ltr'>nita</span> <span class='ocrx_word' id='word_1_180' title='bbox 766 2449 909 2523; x_wconf 88' lang='lat' dir='ltr'>complura</span> <span class='ocrx_word' id='word_1_181' title='bbox 923 2468 956 2510; x_wconf 83' lang='lat' dir='ltr'>ex</span> <span class='ocrx_word' id='word_1_182' title='bbox 970 2452 1118 2511; x_wconf 88' lang='lat' dir='ltr'>rhetoricis</span> <span class='ocrx_word' id='word_1_183' title='bbox 1133 2454 1258 2516; x_wconf 85' lang='lat' dir='ltr'>fontibus</span> 
     </span>
     <span class='ocr_line' id='line_1_23' title="bbox 198 2550 1259 2630; baseline 0.008 -20"><span class='ocrx_word' id='word_1_184' title='bbox 198 2552 372 2626; x_wconf 87' lang='lat' dir='ltr'>adspersisse</span> <span class='ocrx_word' id='word_1_185' title='bbox 387 2551 574 2624; x_wconf 81' lang='lat' dir='ltr'>cognoscitur.</span> <span class='ocrx_word' id='word_1_186' title='bbox 605 2550 806 2623; x_wconf 69' lang='lat' dir='ltr'>contraquam</span> <span class='ocrx_word' id='word_1_187' title='bbox 823 2552 992 2611; x_wconf 87' lang='lat' dir='ltr'>sententiam</span> <span class='ocrx_word' id='word_1_188' title='bbox 1011 2553 1082 2610; x_wconf 92' lang='lat' dir='ltr'>nihil</span> <span class='ocrx_word' id='word_1_189' title='bbox 1101 2554 1170 2614; x_wconf 86' lang='lat' dir='ltr'>facit</span> <span class='ocrx_word' id='word_1_190' title='bbox 1183 2560 1259 2630; x_wconf 89' lang='lat' dir='ltr'>quod</span> 
     </span>
    </p>
   </div>
   <div class='ocr_carea' id='block_1_3' title="bbox 198 2647 1364 2736">
    <p class='ocr_par' dir='ltr' id='par_1_3' title="bbox 198 2647 1364 2736">
     <span class='ocr_line' id='line_1_24' title="bbox 198 2647 1364 2736; baseline 0.006 -25"><span class='ocrx_word' id='word_1_191' title='bbox 198 2669 287 2710; x_wconf 88' lang='lat' dir='ltr'>sermo</span> <span class='ocrx_word' id='word_1_192' title='bbox 303 2668 358 2724; x_wconf 91' lang='lat' dir='ltr'>„ne</span> <span class='ocrx_word' id='word_1_193' title='bbox 372 2651 484 2710; x_wconf 86' lang='lat' dir='ltr'>minime</span> <span class='ocrx_word' id='word_1_194' title='bbox 505 2650 618 2722; x_wconf 90' lang='lat' dir='ltr'>quidem</span> <span class='ocrx_word' id='word_1_195' title='bbox 631 2650 808 2723; x_wconf 87' lang='lat' dir='ltr'>interruptus</span> <span class='ocrx_word' id='word_1_196' title='bbox 822 2652 887 2710; x_wconf 88' lang='lat' dir='ltr'>est“</span> <span class='ocrx_word' id='word_1_197' title='bbox 910 2647 959 2732; x_wconf 86' lang='lat' dir='ltr'>(cf.</span> <span class='ocrx_word' id='word_1_198' title='bbox 975 2651 1067 2711; x_wconf 90' lang='lat' dir='ltr'>Ballh.</span> <span class='ocrx_word' id='word_1_199' title='bbox 1082 2670 1110 2726; x_wconf 92' lang='lat' dir='ltr'>p.</span> <span class='ocrx_word' id='word_1_200' title='bbox 1125 2651 1171 2736; x_wconf 92' lang='lat'>4),</span> <span class='ocrx_word' id='word_1_201' title='bbox 1192 2675 1258 2717; x_wconf 88' lang='lat' dir='ltr'>nam</span> <span class='ocrx_word' id='word_1_202' title='bbox 1361 2665 1364 2673; x_wconf 83' lang='lat'><em>&#39;</em></span> 
     </span>
    </p>
   </div>
   <div class='ocr_carea' id='block_1_4' title="bbox 197 2750 1257 3630">
    <p class='ocr_par' dir='ltr' id='par_1_4' title="bbox 197 2750 1257 3630">
     <span class='ocr_line' id='line_1_25' title="bbox 198 2750 1255 2819; baseline 0.006 -7"><span class='ocrx_word' id='word_1_203' title='bbox 198 2754 299 2813; x_wconf 90' lang='lat' dir='ltr'>ceteris</span> <span class='ocrx_word' id='word_1_204' title='bbox 331 2753 365 2809; x_wconf 93' lang='lat' dir='ltr'>de</span> <span class='ocrx_word' id='word_1_205' title='bbox 398 2751 475 2809; x_wconf 86' lang='lat' dir='ltr'>vitiis</span> <span class='ocrx_word' id='word_1_206' title='bbox 501 2750 699 2810; x_wconf 87' lang='lat' dir='ltr'>Demosthenis</span> <span class='ocrx_word' id='word_1_207' title='bbox 727 2751 947 2810; x_wconf 87' lang='lat' dir='ltr'>narratiunculis</span> <span class='ocrx_word' id='word_1_208' title='bbox 974 2769 1074 2811; x_wconf 88' lang='lat' dir='ltr'>novam</span> <span class='ocrx_word' id='word_1_209' title='bbox 1107 2753 1157 2812; x_wconf 77' lang='grc' dir='ltr'>καὶ</span> <span class='ocrx_word' id='word_1_210' title='bbox 1189 2775 1255 2819; x_wconf 85' lang='lat' dir='ltr'>voce</span> 
     </span>
     <span class='ocr_line' id='line_1_26' title="bbox 198 2851 1256 2928; baseline 0.006 -16"><span class='ocrx_word' id='word_1_211' title='bbox 198 2853 350 2926; x_wconf 87' lang='lat' dir='ltr'>adiungere</span> <span class='ocrx_word' id='word_1_212' title='bbox 377 2851 516 2924; x_wconf 80' lang='lat' dir='ltr'>pessimus</span> <span class='ocrx_word' id='word_1_213' title='bbox 545 2867 656 2924; x_wconf 89' lang='lat' dir='ltr'>quoque</span> <span class='ocrx_word' id='word_1_214' title='bbox 681 2851 865 2924; x_wconf 86' lang='lat' dir='ltr'>interpolator</span> <span class='ocrx_word' id='word_1_215' title='bbox 891 2852 935 2910; x_wconf 86' lang='lat' dir='ltr'>vel</span> <span class='ocrx_word' id='word_1_216' title='bbox 958 2854 1104 2928; x_wconf 85' lang='lat' dir='ltr'>excerptor</span> <span class='ocrx_word' id='word_1_217' title='bbox 1125 2856 1256 2918; x_wconf 89' lang='lat' dir='ltr'>facillime</span> 
     </span>
     <span class='ocr_line' id='line_1_27' title="bbox 197 2951 1255 3030; baseline 0.006 -18"><span class='ocrx_word' id='word_1_218' title='bbox 197 2954 297 3027; x_wconf 93' lang='lat' dir='ltr'>potuit.</span> <span class='ocrx_word' id='word_1_219' title='bbox 340 2952 440 3025; x_wconf 87' lang='lat' dir='ltr'>Neque</span> <span class='ocrx_word' id='word_1_220' title='bbox 460 2951 524 3026; x_wconf 91' lang='lat' dir='ltr'>plus</span> <span class='ocrx_word' id='word_1_221' title='bbox 546 2951 621 3010; x_wconf 89' lang='lat' dir='ltr'>valet</span> <span class='ocrx_word' id='word_1_222' title='bbox 642 2952 678 3009; x_wconf 92' lang='lat' dir='ltr'>ad</span> <span class='ocrx_word' id='word_1_223' title='bbox 700 2953 859 3011; x_wconf 82' lang='lat' dir='ltr'>contextum</span> <span class='ocrx_word' id='word_1_224' title='bbox 878 2953 1049 3012; x_wconf 90' lang='lat' dir='ltr'>Photianum</span> <span class='ocrx_word' id='word_1_225' title='bbox 1070 2957 1255 3030; x_wconf 89' lang='lat' dir='ltr'>antiquiorem</span> 
     </span>
     <span class='ocr_line' id='line_1_28' title="bbox 197 3053 1256 3128; baseline 0.008 -17"><span class='ocrx_word' id='word_1_226' title='bbox 197 3053 372 3128; x_wconf 89' lang='lat' dir='ltr'>probandum</span> <span class='ocrx_word' id='word_1_227' title='bbox 400 3053 453 3111; x_wconf 90' lang='lat' dir='ltr'>hoc</span> <span class='ocrx_word' id='word_1_228' title='bbox 482 3054 686 3126; x_wconf 85' lang='lat' dir='ltr'>argumentum,</span> <span class='ocrx_word' id='word_1_229' title='bbox 709 3053 785 3125; x_wconf 90' lang='lat' dir='ltr'>quod</span> <span class='ocrx_word' id='word_1_230' title='bbox 810 3054 895 3112; x_wconf 85' lang='lat' dir='ltr'>otiam</span> <span class='ocrx_word' id='word_1_231' title='bbox 915 3055 1026 3113; x_wconf 91' lang='lat' dir='ltr'>initium</span> <span class='ocrx_word' id='word_1_232' title='bbox 1049 3057 1083 3114; x_wconf 90' lang='lat' dir='ltr'>de</span> <span class='ocrx_word' id='word_1_233' title='bbox 1104 3057 1179 3116; x_wconf 86' lang='lat' dir='ltr'>vitiis</span> <span class='ocrx_word' id='word_1_234' title='bbox 1199 3060 1256 3120; x_wconf 85' lang='lat' dir='ltr'>De·</span> 
     </span>
     <span class='ocr_line' id='line_1_29' title="bbox 198 3150 1255 3233; baseline 0.007 -21"><span class='ocrx_word' id='word_1_235' title='bbox 198 3154 379 3212; x_wconf 89' lang='lat' dir='ltr'>mosthenicis</span> <span class='ocrx_word' id='word_1_236' title='bbox 393 3153 563 3211; x_wconf 88' lang='lat' dir='ltr'>narrationis</span> <span class='ocrx_word' id='word_1_237' title='bbox 578 3153 653 3226; x_wconf 89' lang='lat' dir='ltr'>apud</span> <span class='ocrx_word' id='word_1_238' title='bbox 673 3153 806 3212; x_wconf 89' lang='lat' dir='ltr'>Photium</span> <span class='ocrx_word' id='word_1_239' title='bbox 827 3172 855 3228; x_wconf 91' lang='lat' dir='ltr'>p.</span> <span class='ocrx_word' id='word_1_240' title='bbox 870 3150 934 3215; x_wconf 82' lang='grc'>492</span> <span class='ocrx_word' id='word_1_241' title='bbox 956 3156 975 3212; x_wconf 90' lang='lat' dir='ltr'>b</span> <span class='ocrx_word' id='word_1_242' title='bbox 996 3151 1036 3215; x_wconf 88' lang='lat'>41</span> <span class='ocrx_word' id='word_1_243' title='bbox 1059 3174 1121 3231; x_wconf 89' lang='lat' dir='ltr'>sqq.</span> <span class='ocrx_word' id='word_1_244' title='bbox 1143 3158 1255 3233; x_wconf 92' lang='lat' dir='ltr'>plenius</span> 
     </span>
     <span class='ocr_line' id='line_1_30' title="bbox 197 3245 1257 3336; baseline 0.005 -23"><span class='ocrx_word' id='word_1_245' title='bbox 197 3255 314 3329; x_wconf 87' lang='lat' dir='ltr'>legitur:</span> <span class='ocrx_word' id='word_1_246' title='bbox 350 3248 470 3332; x_wconf 72' lang='grc' dir='ltr'><strong><em>λέγουσι</em></strong></span> <span class='ocrx_word' id='word_1_247' title='bbox 497 3247 530 3310; x_wconf 78' lang='grc' dir='ltr'>δὲ</span> <span class='ocrx_word' id='word_1_248' title='bbox 557 3245 651 3311; x_wconf 74' lang='grc' dir='ltr'><em>αὐτὸν</em></span> <span class='ocrx_word' id='word_1_249' title='bbox 685 3249 780 3312; x_wconf 80' lang='grc' dir='ltr'><strong><em>πολλὰ</em></strong></span> <span class='ocrx_word' id='word_1_250' title='bbox 813 3256 870 3332; x_wconf 81' lang='grc' dir='ltr'>τῆς</span> <span class='ocrx_word' id='word_1_251' title='bbox 902 3247 1022 3336; x_wconf 68' lang='grc' dir='ltr'><strong><em>φύσεως</em></strong></span> <span class='ocrx_word' id='word_1_252' title='bbox 1053 3251 1257 3334; x_wconf 72' lang='grc' dir='ltr'><em>ἐλαττώματα</em></span> 
     </span>
     <span class='ocr_line' id='line_1_31' title="bbox 197 3346 1255 3436; baseline 0.008 -24"><span class='ocrx_word' id='word_1_253' title='bbox 197 3350 309 3436; x_wconf 74' lang='grc' dir='ltr'><em>μελέτῃ</em></span> <span class='ocrx_word' id='word_1_254' title='bbox 339 3346 590 3434; x_wconf 73' lang='grc' dir='ltr'><strong><em>διορθώσασθαι,</em></strong></span> <span class='ocrx_word' id='word_1_255' title='bbox 624 3371 697 3427; x_wconf 90' lang='lat' dir='ltr'>quae</span> <span class='ocrx_word' id='word_1_256' title='bbox 729 3354 815 3413; x_wconf 88' lang='lat' dir='ltr'>verba</span> <span class='ocrx_word' id='word_1_257' title='bbox 841 3358 917 3430; x_wconf 90' lang='lat' dir='ltr'>apud</span> <span class='ocrx_word' id='word_1_258' title='bbox 943 3357 1125 3417; x_wconf 84' lang='lat' dir='ltr'>Plutarchum</span> <span class='ocrx_word' id='word_1_259' title='bbox 1151 3361 1255 3420; x_wconf 89' lang='lat' dir='ltr'>omissa</span> 
     </span>
     <span class='ocr_line' id='line_1_32' title="bbox 198 3453 1255 3534; baseline 0.007 -20"><span class='ocrx_word' id='word_1_260' title='bbox 198 3459 274 3528; x_wconf 90' lang='lat' dir='ltr'>sunt,</span> <span class='ocrx_word' id='word_1_261' title='bbox 301 3457 384 3514; x_wconf 92' lang='lat' dir='ltr'>immo</span> <span class='ocrx_word' id='word_1_262' title='bbox 411 3457 508 3513; x_wconf 88' lang='lat' dir='ltr'>contra</span> <span class='ocrx_word' id='word_1_263' title='bbox 528 3453 744 3514; x_wconf 86' lang='lat' dir='ltr'>Baliheimerum</span> <span class='ocrx_word' id='word_1_264' title='bbox 765 3473 799 3515; x_wconf 82' lang='lat' dir='ltr'>ex</span> <span class='ocrx_word' id='word_1_265' title='bbox 819 3455 867 3514; x_wconf 93' lang='lat' dir='ltr'>illo</span> <span class='ocrx_word' id='word_1_266' title='bbox 889 3457 1032 3516; x_wconf 89' lang='lat' dir='ltr'>enuntiato</span> <span class='ocrx_word' id='word_1_267' title='bbox 1059 3459 1150 3532; x_wconf 89' lang='lat' dir='ltr'>repeti</span> <span class='ocrx_word' id='word_1_268' title='bbox 1170 3477 1255 3534; x_wconf 89' lang='lat' dir='ltr'>posse</span> 
     </span>
     <span class='ocr_line' id='line_1_33' title="bbox 198 3557 1253 3630; baseline 0.006 -16"><span class='ocrx_word' id='word_1_269' title='bbox 198 3557 320 3615; x_wconf 87' lang='lat' dir='ltr'>arbitror</span> <span class='ocrx_word' id='word_1_270' title='bbox 334 3557 538 3628; x_wconf 88' lang='lat' dir='ltr'>argumentum,</span> <span class='ocrx_word' id='word_1_271' title='bbox 560 3572 626 3613; x_wconf 91' lang='lat' dir='ltr'>nam</span> <span class='ocrx_word' id='word_1_272' title='bbox 641 3573 712 3629; x_wconf 90' lang='lat' dir='ltr'>quas</span> <span class='ocrx_word' id='word_1_273' title='bbox 727 3557 772 3614; x_wconf 89' lang='lat' dir='ltr'>est</span> <span class='ocrx_word' id='word_1_274' title='bbox 786 3557 916 3616; x_wconf 88' lang='lat' dir='ltr'>Vitarum</span> <span class='ocrx_word' id='word_1_275' title='bbox 929 3558 1136 3630; x_wconf 87' lang='lat' dir='ltr'>compositionis</span> <span class='ocrx_word' id='word_1_276' title='bbox 1150 3562 1253 3620; x_wconf 89' lang='lat' dir='ltr'>natura</span> 
     </span>
    </p>
   </div>
   <div class='ocr_carea' id='block_1_5' title="bbox 198 3814 1256 4052">
    <p class='ocr_par' dir='ltr' id='par_1_5' title="bbox 198 3814 1256 4052">
     <span class='ocr_line' id='line_1_34' title="bbox 302 3814 1254 3888; baseline 0.008 -21"><span class='ocrx_word' id='word_1_277' title='bbox 302 3818 325 3882; x_wconf 91' lang='lat' dir='ltr'>l)</span> <span class='ocrx_word' id='word_1_278' title='bbox 342 3814 414 3880; x_wconf 76' lang='lat' dir='ltr'>Quae</span> <span class='ocrx_word' id='word_1_279' title='bbox 429 3814 507 3870; x_wconf 82' lang='lat' dir='ltr'>verba</span> <span class='ocrx_word' id='word_1_280' title='bbox 523 3816 554 3869; x_wconf 89' lang='lat' dir='ltr'>A.</span> <span class='ocrx_word' id='word_1_281' title='bbox 563 3814 809 3871; x_wconf 83' lang='lat' dir='ltr'>SchoeferaPhotio</span> <span class='ocrx_word' id='word_1_282' title='bbox 817 3816 918 3871; x_wconf 85' lang='lat' dir='ltr'>adiecta</span> <span class='ocrx_word' id='word_1_283' title='bbox 934 3832 989 3870; x_wconf 89' lang='lat' dir='ltr'>esse</span> <span class='ocrx_word' id='word_1_284' title='bbox 1006 3819 1094 3872; x_wconf 90' lang='lat' dir='ltr'>censet</span> <span class='ocrx_word' id='word_1_285' title='bbox 1109 3818 1254 3888; x_wconf 72' lang='lat' dir='ltr'>ripato.</span> 
     </span>
     <span class='ocr_line' id='line_1_35' title="bbox 296 3895 1256 3966; baseline 0.007 -16"><span class='ocrx_word' id='word_1_286' title='bbox 296 3898 323 3964; x_wconf 87' lang='grc'>2)</span> <span class='ocrx_word' id='word_1_287' title='bbox 339 3895 418 3950; x_wconf 90' lang='lat' dir='ltr'>Vitae</span> <span class='ocrx_word' id='word_1_288' title='bbox 438 3913 502 3966; x_wconf 86' lang='lat' dir='ltr'>quae</span> <span class='ocrx_word' id='word_1_289' title='bbox 527 3898 668 3953; x_wconf 85' lang='lat' dir='ltr'>Plutarcho</span> <span class='ocrx_word' id='word_1_290' title='bbox 693 3898 873 3952; x_wconf 74' lang='lat' dir='ltr'>adscribuntur</span> <span class='ocrx_word' id='word_1_291' title='bbox 899 3898 1038 3953; x_wconf 87' lang='lat' dir='ltr'>secundum</span> <span class='ocrx_word' id='word_1_292' title='bbox 1066 3900 1256 3957; x_wconf 86' lang='lat' dir='ltr'>Westermarmi</span> 
     </span>
     <span class='ocr_line' id='line_1_36' title="bbox 198 3979 427 4052; baseline 0.013 -21"><span class='ocrx_word' id='word_1_293' title='bbox 198 3985 288 4052; x_wconf 78' lang='grc' dir='ltr'><strong><em>Βιογρ.</em></strong></span> <span class='ocrx_word' id='word_1_294' title='bbox 306 3979 427 4035; x_wconf 70' lang='lat' dir='ltr'>citantur.</span> 
     </span>
    </p>
   </div>
   <div class='ocr_carea' id='block_1_6' title="bbox 298 4060 1115 4137">
    <p class='ocr_par' dir='ltr' id='par_1_6' title="bbox 298 4060 1115 4137">
     <span class='ocr_line' id='line_1_37' title="bbox 298 4060 1115 4137; baseline 0.002 -20"><span class='ocrx_word' id='word_1_295' title='bbox 298 4062 326 4132; x_wconf 77' lang='lat'>3)</span> <span class='ocrx_word' id='word_1_296' title='bbox 343 4060 375 4115; x_wconf 87' lang='lat' dir='ltr'>cf.</span> <span class='ocrx_word' id='word_1_297' title='bbox 392 4060 513 4117; x_wconf 82' lang='lat' dir='ltr'>Schaeier</span> <span class='ocrx_word' id='word_1_298' title='bbox 529 4061 547 4116; x_wconf 96' lang='lat' dir='ltr'>l.</span> <span class='ocrx_word' id='word_1_299' title='bbox 564 4062 581 4115; x_wconf 94' lang='lat' dir='ltr'>l.</span> <span class='ocrx_word' id='word_1_300' title='bbox 598 4079 623 4134; x_wconf 90' lang='lat' dir='ltr'>p.</span> <span class='ocrx_word' id='word_1_301' title='bbox 642 4064 699 4118; x_wconf 78' lang='lat'>254.</span> <span class='ocrx_word' id='word_1_302' title='bbox 733 4064 888 4122; x_wconf 79' lang='lat' dir='ltr'>Ballheimer</span> <span class='ocrx_word' id='word_1_303' title='bbox 903 4064 921 4120; x_wconf 90' lang='lat' dir='ltr'>l.</span> <span class='ocrx_word' id='word_1_304' title='bbox 938 4063 955 4118; x_wconf 89' lang='lat' dir='ltr'>l.</span> <span class='ocrx_word' id='word_1_305' title='bbox 973 4081 998 4137; x_wconf 79' lang='lat' dir='ltr'>p.</span> <span class='ocrx_word' id='word_1_306' title='bbox 1015 4064 1032 4122; x_wconf 79' lang='lat'>2</span> <span class='ocrx_word' id='word_1_307' title='bbox 1048 4081 1073 4120; x_wconf 91' lang='lat' dir='ltr'>n.</span> <span class='ocrx_word' id='word_1_308' title='bbox 1092 4067 1115 4119; x_wconf 90' lang='lat'>1.</span> 
     </span>
    </p>
   </div>
   <div class='ocr_carea' id='block_1_7' title="bbox 0 0 1478 4602">
    <p class='ocr_par' dir='ltr' id='par_1_7' title="bbox 0 0 1478 4602">
     <span class='ocr_line' id='line_1_38' title="bbox 0 0 1478 4602; baseline 0 0"><span class='ocrx_word' id='word_1_309' title='bbox 0 0 1478 4602; x_wconf 95' lang='lat' dir='ltr'> </span> 
     </span>
    </p>
   </div>
  </div>
 </body>
</html>
