2946 4602
776 245 817 308 32

264 416 408 492 apodectis
416 411 439 493 ¹)
465 416 498 473 ut
524 414 635 474 videtur
661 418 789 490 receptae
814 416 899 475 etiam
922 409 1129 496 στρατιωτικά
1150 418 1327 477 vocabantur

266 515 315 596 (cl.
331 516 432 577 Busolt
452 517 472 574 l.
495 515 514 574 1.
536 533 564 590 p.
581 511 652 588 843,
675 532 699 574 e.
714 534 742 590 g.
765 533 854 590 pono:
876 516 1038 591 Apollodor.
1061 535 1102 576 or.
1119 535 1142 576 o.
1158 518 1262 592 Polycl.
1281 515 1326 580 10

263 611 463 696 ἀναγνώσεται
486 611 541 685 τὰς
562 612 735 696 μαρτυρίας
757 618 817 674 τῶν
839 636 871 675 τε
893 614 932 676 τὰ
947 613 1153 697 στρατιωτικὰ
1175 610 1244 676 τότε
1265 615 1325 688 εἷς·

263 710 461 799 πραττόντων
481 713 529 774 καὶ
553 716 613 774 τῶν
634 711 850 796 ἀποστολέων),
873 718 942 777 haeo
956 719 1059 790 autem,
1082 736 1200 793 quorum
1215 720 1325 793 prima·

261 819 321 878 rius
342 820 418 878 certo
439 818 502 877 fons
523 818 658 892 imprimis
673 818 783 877 Eubulo
805 819 938 892 pecunias
961 819 1087 892 pubhoas
1107 821 1327 879 administrante

264 920 371 980 tributa
393 919 532 978 sociorum
554 921 644 991 erant,
667 921 817 992 autequam
838 911 855 977 ὅ
878 914 990 993 ταμίας
1011 919 1071 977 τῶν
1095 921 1328 1000 στρατιωτικῶν

263 1013 854 1101 111111111ᾳὶ181111111111111111.
873 1021 950 1077 XXX
969 1038 997 1094 p.
1017 1015 1104 1097 431),
1138 1038 1155 1079 a
1187 1022 1247 1080 stra
1261 1023 1327 1096 egis

262 1121 460 1180 administrata
492 1135 555 1181 esse
588 1121 658 1179 satis
685 1120 829 1194 probabile
858 1121 910 1179 est.
962 1121 1068 1180 contra
1102 1121 1224 1182 Pollueri
1255 1139 1326 1182 vero

261 1222 430 1282 seutentiam
456 1221 525 1280 haec
554 1222 651 1280 adfero
678 1223 857 1296 argumenta:
895 1221 1016 1296 primum
1043 1224 1218 1296 praefectum
1245 1223 1327 1281 illius

260 1323 360 1382 aerarii
366 1322 537 1396 adpellatum
544 1339 606 1381 esse
613 1317 665 1380 τὸν
670 1317 718 1378 ἐπὶ
731 1322 770 1401 τῇ
781 1314 1039 1398 διοικήσει-111
1046 1323 1328 1384 alterumtitulumin

259 1423 1327 1498 decretousurpatumeliminassenobisvidemur-nonverisimileestdein-

259 1525 294 1585 de
305 1525 373 1598 quid
384 1523 497 1582 Fellner
507 1523 633 1583 sibivelit
644 1524 778 1595 scribens,
793 1524 1114 1598 „unddiegeradenicht
1130 1525 1327 1599 gebrauchten

259 1625 549 1696 steatseinnahmen“,
563 1641 620 1684 non
634 1625 705 1683 satis
719 1624 826 1684 clarum
841 1626 894 1696 est,
912 1626 937 1684 si
952 1625 1025 1685 euim
1040 1626 1107 1699 quid
1122 1626 1327 1699 deponebatur,

260 1725 344 1785 etiam
359 1742 424 1785 saec
438 1726 486 1786 IV.
502 1743 519 1784 a
540 1725 616 1784 Deae
631 1726 828 1799 quaestoribus
842 1725 871 1783 id
887 1727 1030 1784 servatum
1045 1721 1139 1803 ossei)
1153 1742 1325 1799 persuasum

260 1826 357 1886 habeo.
401 1826 527 1898 Accedit,
550 1824 624 1899 quod
646 1843 702 1898 eos,
724 1843 794 1899 quos
809 1825 857 1884 illo
873 1827 1043 1900 magistratu
1058 1823 1106 1884 ἐπὶ.
1123 1828 1164 1906 τῇ
1179 1820 1327 1903 διοικήσει

259 1925 372 1988 functos
401 1943 464 1987 esse
491 1928 611 1998 constat,
639 1927 782 1986 Eubulum
803 1929 832 1985 et
853 1929 1022 2001 Lycurgum,
1050 1944 1107 1985 non
1126 1928 1185 1985 tam
1206 1927 1326 1986 tributis

263 2044 281 2086 a
302 2029 386 2087 sociis
400 2029 550 2100 solvendis,
565 2045 648 2102 quam
663 2028 800 2087 reditibus
816 2028 1031 2087 Atheniensium
1044 2029 1169 2101 ipsorum
1186 2029 1328 2102 augendis

258 2129 430 2190 consuluisse
452 2145 486 2188 ex
507 2130 549 2188 eis
570 2146 642 2202 quae
661 2129 768 2187 tradita
790 2130 857 2187 sunt
877 2129 1050 2204 conligimue.

358 2230 419 2301 Qua
441 2230 581 2288 sententia
610 2230 714 2289 reiecta
736 2245 790 2303 quo
813 2247 886 2288 anno
906 2228 1078 2303 praefectum
1100 2228 1326 2288 administratio-

258 2330 303 2390 nis
324 2331 486 2390 institutum
512 2347 574 2390 esse
602 2330 739 2404 suspicer,
767 2330 866 2404 paucis
896 2346 1040 2403 exponam.
1083 2329 1327 2390 verisimillimum

259 2435 353 2493 autem
367 2433 478 2493 videtur
493 2431 564 2491 bello
586 2449 649 2491 oum
671 2431 754 2490 sociis
782 2433 862 2505 gesto
885 2447 957 2489 anno
980 2450 1004 2490 o.
1027 2431 1078 2490 Oh.
1101 2425 1163 2491 355
1184 2431 1326 2504 confecto,

258 2551 322 2594 cum
352 2535 486 2610 pecuniae
512 2533 726 2592 Atheniensium
753 2531 881 2605 publicae
913 2531 996 2605 plane
1029 2532 1183 2592 exhaustae
1215 2535 1326 2604 essent,

258 2635 366 2694 tributa
387 2636 524 2695 sociorum
546 2633 648 2708 exigua
669 2633 797 2691 Athenas
819 2632 991 2692 confluerent
998 2627 1035 2713 ⁸),
1057 2632 1136 2692 illum
1157 2633 1255 2704 virum,
1272 2634 1327 2706 qui

259 2753 328 2796 cura
363 2737 393 2795 in
428 2735 512 2796 robus
548 2733 694 2794 fiscalibus
729 2734 784 2792 iam
820 2733 904 2792 antea
932 2733 1072 2806 praestita
1105 2733 1207 2808 populo
1237 2749 1325 2793 carus

260 2839 449 2912 acceptusque
476 2837 546 2909 erat,
575 2836 715 2895 Eubulum
743 2829 846 2910 dico4),
874 2834 1111 2894 administrationi
1139 2833 1325 2908 pecuniarum

257 2939 448 3014 praepositum
480 2955 552 3011 esse,
581 2941 613 2997 ut
641 2953 728 2996 novos
755 2936 895 2995 redituum
929 2935 1022 2994 fontes
1058 2934 1188 3009 aperiret,
1223 2934 1324 3007 itaque

257 3038 399 3097 Eubulum
427 3056 482 3099 non
510 3039 590 3097 modo
618 3038 738 3114 primum
774 3052 857 3110 quem
886 3035 1014 3094 novimus
1036 3034 1208 3109 praefectum
1230 3035 1325 3093 admi-

257 3138 442 3211 nistrationis,
464 3139 515 3198 sed
535 3139 620 3197 etiam
642 3138 752 3196 omnino
773 3137 894 3212 primum
908 3136 1006 3207 fuisse,
1029 3136 1078 3210 qui
1098 3135 1146 3194 illo
1168 3135 1321 3209 magistra-

265 3239 298 3297 tu
320 3234 527 3321 fungeretur5).

359 3400 458 3468 l)Hac
479 3417 556 3456 exre
579 3400 682 3456 videtur
702 3398 833 3470 explicari,
856 3398 924 3469 quod
946 3398 1034 3465 Αθην.
1060 3398 1105 3463 VI,
1132 3399 1181 3454 152
1197 3396 1324 3467 legrmtur

258 3483 289 3536 τὸ
308 3479 337 3534 δὲ
353 3487 404 3534 νῦν
424 3481 490 3536 εἶναι
512 3481 679 3556 παραδοῦναι
702 3486 762 3538 τοὺς
787 3479 932 3535 enodemus
954 3484 984 3534 τὸ
1004 3481 1038 3536 eis
1053 3484 1113 3536 τοὺς
1130 3482 1274 3551 στεφάνους
1293 3484 1323 3532 ἐκ

259 3570 314 3618 τῶν
330 3571 529 3638 στρατιωτικῶν
543 3568 692 3639 χρημάτων,

358 3649 384 3717 2)
405 3647 485 3704 Velut
501 3651 535 3701 τὰ
552 3646 614 3701 δέκα
622 3646 740 3702 τάλαντα
756 3647 788 3703 cl.
805 3647 907 3703 Fellner
923 3647 1003 3717 ipsel.
1020 3647 1038 3702 l.
1055 3649 1112 3704 416.

359 3731 387 3800 3)
404 3731 435 3786 cl.
452 3732 545 3787 Busolt
560 3733 579 3787 l
595 3731 613 3785 l.
630 3750 655 3801 p.
672 3732 731 3788 859.

359 3814 387 3882 4)
404 3813 436 3871 ci.
452 3815 483 3868 A.
501 3814 621 3870 Schaefer
637 3814 655 3868 l.
672 3814 690 3867 l.
707 3814 720 3867 1
737 3832 762 3883 p.
781 3814 829 3868 173
846 3831 883 3884 sq.

359 3897 386 3964 ὃ)
403 3895 491 3950 Simile
508 3897 590 3952 obiter
606 3898 673 3952 hanc
689 3895 866 3965 quaestionem
881 3899 994 3964 tangens
1010 3895 1091 3950 sensit
1107 3895 1139 3951 U.
1151 3897 1182 3950 de
1196 3895 1321 3952 Wilamo·

260 3975 519 4031 witz-hioellendorff
532 3979 619 4033 Herm.
633 3978 695 4032 xlv
710 3996 736 4047 p.
754 3980 804 4034 150
819 3995 844 4033 1.
863 3981 885 4033 1.
904 4018 910 4033 .
928 4018 935 4031 .
952 3979 1015 4049 „das
1031 3979 1172 4032 finanzamt
1187 3979 1268 4034 selbot
1284 3980 1323 4034 ist

259 4055 405 4113 honestans
421 4059 471 4116 354
486 4059 659 4128 geschaffen.“
676 4098 683 4113 .
700 4097 707 4113 .
725 4097 732 4114 .
