2946 4602
695 229 736 294 35

188 421 227 462 or.
259 403 334 462 Otos
363 406 388 475 ὅ.
412 397 453 464 25
475 399 597 482 πρῶτον
624 394 680 476 μὲν
701 393 899 481 δντιγραφεος
922 385 957 476 ήν
971 391 1184 478 χειροτονητὸς
1205 398 1247 478 τῇ

189 497 280 576 πόλει,
304 494 337 571 ὃς
361 495 435 559 καθ’
458 493 587 578 ἑκάστην
601 497 781 580 πρυτανείαν
793 493 980 578 ἀπελογίζετο
1002 494 1058 567 τὰς
1076 492 1248 580 προσόδους

189 605 234 685 τῷ
257 595 346 683 δήμῳ
367 601 444 675 κτλ,
468 618 587 675 quocum
608 602 805 676 comparentur
826 618 897 675 quee
910 600 1079 674 Harpocrat.
1101 617 1124 658 s.
1147 618 1173 659 v.
1196 592 1248 656 de-

188 696 349 785 τιηραφειίς
370 703 471 761 tradit:
495 694 511 759 ὅ
525 695 751 778 καθιστάμενος
771 698 819 759 ἐπὶ
835 702 896 760 τῶν
909 695 1160 776 καταβαλλόντων
1176 696 1242 758 τινὰ

189 806 229 885 τῇ
263 796 344 863 πόλει
376 796 527 883 χρήματα
561 793 640 861 ὥστε
674 796 917 884 ἀντιγράψασθαι
940 802 1040 859 ταῦτα
1069 795 1244 877 Λημοσθέ-

188 925 241 982 νης
267 900 297 961 ἓν
325 903 371 983 τῷ
396 899 476 960 κατὰ
504 896 716 983 Ἀνδροτίωνος
755 900 804 961 καὶ
831 897 984 979 Αἶσχίνης
1014 896 1044 958 ἓν
1080 902 1125 982 τῷ
1165 897 1259 960 κατίι

189 1003 427 1085 Κτησιφῶντος·
458 1000 555 1061 διττοὶ
584 998 616 1060 δὲ
642 989 720 1080 ἦσαν
748 997 948 1084 α’ντιηραφεΐς,
979 994 1072 1077 ὃμὲν
1094 1002 1151 1080 τῆς
1171 999 1246 1060 διοι-
1295 991 1296 994 “

188 1099 313 1184 κήσεως,
344 1093 385 1173 dg
415 1120 492 1184 φησι
522 1096 700 1184 Φιλόχορος,
730 1097 801 1162 ὅδὲ
823 1105 879 1180 τής
899 1103 1024 1180 βουλῆς,
1048 1095 1247 1185 ώςἎριστο·

188 1202 278 1283 τίλης
304 1201 334 1262 ἓν
359 1198 528 1280 Ἀθηναίων
562 1201 703 1286 πολιτείη.
774 1207 809 1263 In
835 1205 880 1264 his
901 1204 1032 1263 extremis
1055 1204 1147 1264 verbis
1179 1223 1246 1265 num

189 1287 265 1367 recte
293 1306 331 1364 sit
356 1305 493 1364 traditum
530 1306 599 1363 duos
628 1304 716 1364 fuisse
751 1305 1012 1379 contrascriptorcS,
1061 1305 1247 1379 suspicionem

188 1409 289 1479 movet,
304 1407 378 1480 quod
392 1406 511 1464 alterum
533 1405 568 1463 ab
590 1405 767 1476 Philochoro,
789 1407 908 1465 alterum
930 1405 966 1464 ab
985 1405 1138 1464 Aristotele
1158 1407 1248 1466 nomi·

188 1510 287 1568 netum
300 1523 364 1567 esse
378 1506 540 1580 perhibetur
554 1507 590 1564 cf.
605 1505 778 1566 Schoemenn
801 1506 850 1564 Gr.
871 1501 956 1564 A.⁸l
977 1523 1005 1580 p.
1027 1503 1088 1568 401
1112 1525 1139 1566 n.
1161 1503 1190 1568 5.
1215 1508 1246 1568 O.

187 1611 223 1669 A.
245 1607 322 1668 Hillo
342 1608 360 1666 l.
382 1607 401 1666 l.
424 1625 451 1681 p.
467 1603 530 1667 232
545 1624 607 1681 sqq.
622 1606 729 1664 Deinde
750 1623 785 1664 ne
806 1624 931 1680 premam
951 1623 1042 1680 neque
1057 1608 1092 1666 eb
1107 1608 1246 1669 Aeschine

187 1727 279 1784 neque
299 1708 329 1766 in
350 1708 441 1766 titulis
473 1707 736 1781 contrascriptorem
764 1709 923 1766 accuratius
945 1708 1091 1782 distingui,
1112 1708 1162 1767 sed
1184 1709 1247 1768 ubi·

188 1827 243 1886 que
271 1803 456 1889 ἀντιγραφία
488 1809 599 1867 tautum
627 1808 789 1882 significari,
821 1826 957 1867 summam
985 1826 1079 1868 rerum
1108 1809 1246 1870 fiscalium

187 1928 284 1972 curem
301 1910 423 1968 'senatui
451 1910 610 1968 mundatem
647 1909 737 1968 fuisse
763 1912 875 1968 constet
902 1910 937 1968 cf.
960 1910 1082 1969 Boeckh.
1105 1911 1171 1969 Occ.
1193 1911 1245 1970 civ.

186 2013 254 2072 Ath.
276 2005 393 2073 12207
417 2027 490 2084 sqq,
517 2027 604 2068 unum
629 2010 774 2084 igiturex
804 2010 982 2070 senatoribus
1011 2009 1129 2069 electum
1157 2011 1247 2072 fuisse

187 2113 294 2189 opinor,
316 2111 364 2186 qui
384 2129 418 2170 ee
441 2127 512 2185 quae
533 2111 564 2168 in
584 2111 685 2169 senatu
706 2111 890 2182 solverentur,
912 2111 1156 2184 contrascriberet,
1178 2129 1247 2171 eun·

188 2217 251 2274 dem
277 2208 355 2270 κατὰ
381 2207 562 2291 πρυτανείαν
598 2211 701 2285 populo
713 2207 736 2288 ¹)
770 2213 894 2272 rationes
929 2211 1111 2287 pecuniarum
1144 2212 1247 2287 populo

187 2316 343 2375 solutorum
380 2312 545 2381 reddidisse,
586 2311 682 2385 itaque
715 2330 732 2370 e
766 2313 933 2372 Philochoro
968 2305 1154 2394 ἀντιγραφίοι
1189 2314 1247 2391 τής

189 2407 362 2492 διοικήσεως
389 2428 500 2486 quoque
527 2411 655 2486 potuisse
683 2413 826 2486 edpellen'.
869 2414 920 2488 (tui
942 2414 1065 2486 opinioni
1085 2415 1246 2474 testimonis

188 2533 245 2576 non
266 2515 390 2586 obstant,
413 2513 444 2572 O.
468 2515 491 2570 I.
514 2512 548 2572 A.
563 2513 594 2569 H
617 2508 677 2573 114
698 2513 734 2572 fr.
754 2514 778 2571 Β
801 2515 830 2572 et
852 2515 883 2586 0,
905 2515 954 2588 qui
973 2515 1090 2574 vocetur
1111 2505 1246 2586 Εὔδοξος

187 2637 214 2678 v.
239 2613 279 2679 10
300 2633 360 2690 sqq.
384 2612 406 2693 (.
433 2655 441 2671 .
466 2655 474 2671 .
496 2612 593 2681 καλῶς
613 2609 661 2669 καί
678 2609 799 2683 δικαιίος
813 2609 986 2692 ἐπεμελήθη
1002 2616 1059 2693 τῆς
1073 2608 1246 2692 διοικήσεως

188 2710 249 2777 δπὸ
270 2716 327 2792 τῆς
347 2713 463 2791 βουλῆς
484 2706 529 2794 ἐφ’
550 2703 586 2789 ἢν
599 2707 707 2794 εἰρέθη
729 2716 758 2772 et
772 2714 844 2775 mc
869 2735 894 2775 v.
911 2733 972 2790 sqq.
994 2710 1095 2793 ἐπειδὴ
1109 2707 1244 2788 Εὔδοξος

187 2819 286 2886 καλῶς
319 2814 368 2873 καὶ
408 2810 528 2882 δικαίως
568 2807 742 2893 ἐπεμελήθη
771 2858 779 2873 .
804 2859 811 2874 .
837 2859 844 2874 .
869 2859 877 2874 .
912 2817 970 2894 τῆς
1006 2835 1037 2874 τε
1073 2809 1246 2888 διοικίσεως

188 2922 230 3002 τῇ
242 2914 376 2999 βουλή),
392 2917 467 2974 hunc
481 2932 538 2974 non
552 2916 585 2972 ut
605 2915 640 2973 A.
662 2913 867 2996 Riedoneuer2)
888 2917 949 2977 vult
977 2910 1161 2998 ἀντιγροκηία
1189 2919 1246 2996 τῆς

189 3014 364 3098 διοικήσεως
384 3017 474 3076 fuisse
503 3016 650 3088 existumo,
678 3019 729 3075 sed
757 3017 876 3076 similem
907 3019 937 3076 in
963 3018 1075 3077 modum
1104 3020 1244 3078 esenetu

188 3125 228 3204 τῇ
244 3113 384 3197 διοικήσει
391 3118 706 3191 senetuspreepoeitum
717 3117 806 3178 fuisse
820 3119 924 3178 conicio
938 3120 1023 3192 etque
1045 3119 1179 3192 epopulo
1194 3114 1245 3179 τὸν

188 3220 236 3281 ἐπὶ
259 3223 299 3302 τῇ
322 3211 462 3295 διοικήσει
484 3235 607 3280 summae
628 3218 776 3278 universae
797 3221 839 3278 rei
859 3220 987 3293 publicae
1001 3220 1246 3293 administrationi,

188 3316 394 3403 ἀντιγραφέως
409 3322 503 3378 eutem
516 3335 617 3377 munus
631 3319 786 3398 inpublico
800 3321 910 3381 decreto
924 3321 975 3379 teli
989 3321 1247 3394 circumscriptione

189 3422 344 3498 significari
363 3422 409 3479 vix
430 3421 550 3492 credam,
571 3420 718 3493 praeterea
739 3420 809 3480 elios
831 3438 940 3495 quoque
962 3421 1106 3480 senatores
1126 3421 1163 3478 ed
1176 3420 1247 3480 elias

189 3524 346 3598 provincias
360 3522 503 3595 delegatos
518 3537 581 3580 csse
595 3521 691 3580 eodem
706 3522 816 3581 decreto
832 3525 961 3582 docemur
975 3517 1024 3579 dni
1040 3515 1076 3579 τὸ
1089 3516 1246 3600 θεωρικὸν.

190 3621 240 3683 ἐπὶ
261 3619 302 3682 τὰ
322 3617 524 3702 ψηφίσματα,
547 3637 629 3693 quem
649 3622 742 3696 ipsum
764 3624 883 3683 scribam
904 3640 967 3683 esse
989 3621 1163 3680 Riedeneucr
1183 3620 1202 3679 l.
1224 3620 1246 3682 l.

189 3744 217 3800 p.
241 3720 282 3786 86
303 3723 429 3794 coniecit,
452 3721 527 3780 Hillo
547 3721 567 3779 l.
588 3722 608 3782 l.
630 3740 659 3795 p.
681 3717 744 3782 222
765 3725 841 3783 recte
863 3723 1030 3797 reprobavit.

291 3953 317 4018 l)
333 3949 365 4004 cf.
382 3948 541 4002 Schocmenn
558 3961 644 4016 opusc.
660 3950 724 4005 eced
739 3950 753 4002 Ι
769 3969 793 4020 p.
812 3952 868 4006 299.

290 4037 317 4106 2)
335 4034 401 4088 Acta
418 4046 467 4085 soc.
484 4029 573 4102 philol.
590 4030 748 4106 Wirccburg.
766 4033 805 4088 cd.
821 4032 924 4092 Urlichs
942 4034 1007 4088 1862
1022 4051 1046 4104 p.
1064 4032 1105 4089 89.
