2946 4602
725 259 743 322 7

213 429 313 501 quibus
335 429 428 486 verbis
450 428 568 486 Photius
590 431 626 487 ad
647 429 824 503 donationem
845 429 939 503 paullo
966 431 1032 486 ante
1058 432 1203 489 narratam
1223 449 1269 490 re-

178 596 181 601 ,
213 529 297 603 spicit
314 562 355 571 -
370 521 406 586 οὕ
430 521 544 609 ρ“η’τορι
563 528 689 605 μᾶλλον,
708 522 769 585 ἀλλ’
785 523 869 608 ἀνδρὶ
884 523 1000 607 πρέπον
1014 523 1172 611 φιλοσόφῳ
1188 525 1272 610 ἔργον

213 627 253 697 εἷς
279 623 373 686 αὐτὸν
402 625 581 702 ἐπεδείξατο,
610 646 682 702 quae
710 631 786 702 apud
813 630 946 687 Photium
973 646 1030 687 non
1058 631 1100 688 ita
1128 632 1272 690 exstarent

131 798 147 814 ι,
213 731 320 803 opinor,
349 731 404 796 nisi
430 747 502 803 quae
530 731 686 802 sequuntur
710 731 771 804 ipse
794 747 827 789 ex
849 729 903 789 alio
926 719 1004 806 fonte
1025 711 1181 789 narrationi
1202 732 1271 790 Plu-

212 831 345 889 tarcheae
367 831 437 890 satis
450 831 513 890 laxe
529 831 709 890 adiunxisset.
752 831 884 889 Photium
899 833 993 889 autem
1006 833 1097 890 toturn
1111 833 1272 890 contextum

213 949 241 1006 p.
256 927 319 991 493
339 932 358 988 b
380 928 420 991 37
435 948 497 1004 sqq.
519 932 576 989 iam
598 931 749 1007 conflatum
769 931 800 988 in
822 931 973 1004 exemplari
995 948 1045 990 suo
1067 932 1206 992 invenisse
1226 933 1271 991 vix

213 1033 334 1102 credam,
364 1048 427 1090 cum
454 1031 527 1090 tales
547 1031 775 1089 narratiunculae
796 1047 893 1104 presse
915 1033 1000 1104 atque
1021 1031 1183 1091 brevissime
1205 1050 1270 1106 pro-

214 1133 283 1190 ferri
304 1132 422 1203 soleant,
444 1131 530 1190 verba
553 1131 645 1190 autem
667 1124 806 1211 καθάπερ
823 1125 936 1211 ἔφημεν
951 1175 982 1189 ..
1004 1149 1120 1204 prorsus
1136 1132 1270 1191 abhorre-

214 1234 264 1291 aut
286 1250 303 1290 a
323 1233 444 1290 vitarum
466 1249 601 1303 sermone,
632 1233 729 1290 contra
756 1247 923 1305 persuasum
950 1232 1040 1290 habeo
1068 1233 1200 1296 Photium
1228 1251 1271 1294 vv.

215 1329 256 1394 39
285 1351 346 1407 sqq.
370 1349 403 1391 ex
429 1333 483 1391 alio
510 1333 588 1392 fonte
619 1333 798 1408 depromptos
826 1333 919 1390 uerbis
948 1325 1088 1411 καθάπερ
1112 1325 1224 1411 ίφημεν

215 1451 278 1492 cum
300 1434 339 1492 eis
354 1450 426 1506 quae
440 1434 610 1492 antecedunt
624 1433 792 1506 coniungere
808 1429 958 1503 studuisse,
982 1432 1088 1506 fontem
1101 1449 1166 1490 vero
1182 1433 1271 1491 fuisse

215 1534 480 1608 apophthegmatum
503 1534 702 1592 conlectionem
723 1534 797 1592 unde
812 1535 972 1593 contentum
985 1533 1184 1592 Plutarcheum
1200 1533 1271 1591 dila-

214 1635 289 1694 taret
295 1657 302 1707 ;
318 1635 426 1694 accedit
440 1635 515 1708 quod
529 1634 648 1692 Photius
664 1634 722 1692 cod.
739 1631 811 1705 279,
827 1651 909 1707 quem
924 1651 957 1692 er
971 1633 1100 1693 Helladio
1116 1634 1272 1706 exscripsit,

214 1754 241 1810 p.
256 1729 349 1796 534b
366 1732 405 1795 13
420 1753 481 1809 sqq.
500 1735 622 1793 locuma
643 1734 724 1792 nobis
744 1735 898 1796 tractatum
913 1729 1114 1816 (preesse)
1129 1735 1270 1808 respicere

215 1837 326 1895 videtur
348 1836 393 1894 his
415 1836 522 1893 verbis:
560 1828 589 1891 οἶ
611 1829 644 1891 δὲ
666 1836 781 1892 τοῦτο
804 1830 846 1900 ,τὸ
869 1825 1101 1915 ἀπόφθεγμα
1121 1829 1273 1911 Αἰσχίνην

215 1931 352 2014 λέγουσιν
365 1935 454 1993 εἰπεῖν
475 1928 560 2013 ἡνίκα
574 1921 722 2015 φεύγοντα
736 1930 915 2011 καταλαβὼν
930 1929 1144 2012 Δημοσθένης
1158 1931 1206 1991 καί
1218 1920 1273 2013 Ἰφι-

214 2029 475 2117 λοφρονησάμενος
497 2030 655 2118 παρηγγύα
676 2031 775 2116 φέρειν
796 2031 832 2095 τὸ
854 2030 1051 2113 συμβεβηκὸς
1071 2031 1216 2114 γενναίως.

312 2138 440 2211 Denique
460 2139 515 2196 huo
535 2137 566 2195 id
580 2153 690 2210 quoque
705 2137 807 2218 optime
822 2139 951 2211 quadrat,
966 2138 1041 2210 quod
1052 2136 1272 2194 additamentum

212 2237 282 2294 illud
309 2255 327 2295 a
354 2237 530 2296 VitarumX
559 2254 613 2295 orr.
643 2253 757 2310 corpore
790 2238 911 2296 alienum
944 2255 971 2310 p.
1000 2232 1063 2297 495
1093 2252 1110 2294 a
1141 2232 1180 2296 12
1209 2253 1272 2308 sqq.

218 2332 367 2416 Φέρονται
390 2331 422 2393 δὲ
444 2330 542 2394 αὐτοῦ
564 2331 859 2416 ἀποφθέγματα
889 2336 1015 2394 πλεῖστα
1042 2331 1091 2393 καὶ
1119 2323 1272 2412 γνωμολο-

214 2431 309 2516 pind)
347 2427 421 2516 ἅπερ
444 2431 538 2505 αὐτὸς
571 2432 627 2512 μὲν
663 2428 806 2494 ἑκάστοτε
840 2432 917 2518 πρὸς
951 2434 1006 2514 τὴν
1041 2430 1274 2494 ἀνακύπτουσαν

212 2532 314 2616 χρείαν
343 2528 570 2616 ἁρμοττόμενος
596 2531 696 2614 ἔλεγεν,
728 2531 756 2593 οἱ
783 2531 815 2594 δὲ
842 2531 999 2606 ἀκούοντες
1025 2531 1135 2618 μνήμῃ
1163 2555 1195 2594 τε
1224 2533 1272 2593 καὶ

215 2637 344 2716 γραφῇ
366 2629 617 2694 διεσώσαντο
629 2637 684 2710 ipsi
698 2637 799 2695 Photio
822 2638 1011 2696 attribuimus.
1040 2639 1135 2696 Etiam
1149 2637 1272 2710 Philippi

214 2737 421 2812 apophthegma
451 2737 533 2811 quale
560 2738 680 2796 Photius
709 2738 830 2812 reddidit
859 2752 927 2797 eum·
949 2755 982 2797 ex
1016 2739 1068 2797 tali
1100 2737 1271 2796 conlectione

213 2837 420 2912 deprompsisse
442 2839 576 2912 suspicor.

310 2939 410 3013 Neque
438 2939 534 2997 dubito
564 2939 632 3012 quin
658 2939 892 3010 additamentum,
927 2940 1002 3012 quod
1032 2940 1107 3012 apud
1138 2938 1272 2997 Photium

212 3057 240 3113 p.
262 3035 327 3100 486
347 3040 365 3098 b
387 3036 428 3100 38
450 3041 516 3113 post
537 3040 707 3120 Theopompi
729 3040 758 3097 et
778 3039 886 3112 Ephori
913 3040 1026 3098 nomina
1053 3041 1190 3098 insertum
1217 3040 1271 3110 est,

212 3141 287 3212 apud
308 3140 489 3199 Plutarchum
512 3141 560 3199 vit.
588 3141 705 3199 Isocrat.
728 3136 768 3200 41
792 3141 872 3198 deest
880 3135 915 3218 2),
937 3141 1037 3199 Photio
1056 3140 1200 3210 debeatur,
1223 3140 1271 3212 qui

211 3240 241 3297 in
263 3241 317 3299 alio
345 3242 475 3300 contextu
503 3241 563 3299 cod.
588 3237 648 3302 176
669 3259 697 3314 p.
722 3237 781 3301 121
810 3257 827 3299 a
854 3237 895 3300 23
922 3257 984 3313 sqq.
1015 3241 1110 3299 eadem
1136 3240 1268 3313 praehet;

211 3341 297 3400 verba
318 3332 359 3410 αῖς
380 3337 496 3420 εἴρηται
517 3342 563 3400 vel
582 3341 682 3401 similia
695 3357 752 3400 non
767 3343 862 3400 addita
876 3357 947 3413 esse,
969 3341 998 3399 id
1012 3343 1087 3414 quod
1100 3339 1270 3399 Ballheimer

312 3503 338 3569 1)
355 3501 429 3556 Tales
445 3502 622 3570 gnomologiae
638 3501 762 3556 Photium
782 3503 871 3571 magni
887 3504 1035 3557 aestimasse
1052 3519 1081 3556 ex
1097 3502 1134 3556 eis
1150 3500 1271 3570 consequi

211 3582 313 3638 videtur
329 3600 394 3652 quae
411 3584 442 3638 de
458 3583 553 3638 Ioanne
571 3585 679 3639 Stobaeo
696 3585 750 3642 cod.
768 3587 816 3641 167
833 3588 896 3640 extr.
912 3585 1044 3639 iudicarit.

311 3666 338 3733 2)
360 3665 430 3718 Plut.
453 3667 559 3720 Isocrat.
581 3670 613 3722 41
638 3683 692 3737 sqq.
711 3669 874 3737 ἐμαθήτευσε
897 3665 997 3734 δἀὐτῷ
1018 3670 1061 3719 καὶ
1079 3667 1267 3734 Θεόπομποςὸ

211 3753 278 3802 Χῖος
302 3752 344 3799 καὶ
367 3750 475 3820 Ἔφορος
496 3750 511 3800 ὁ
540 3755 656 3817 Κυμαῖος
678 3756 720 3802 καὶ
738 3749 925 3817 Ἀσκληπιάδης
952 3751 966 3803 ὁ
995 3751 1029 3801 τὰ
1060 3745 1266 3819 τραγῳδούμενα

211 3833 363 3903 συγγράψας
379 3828 431 3882 ατί.

309 3913 387 3967 Phot.
408 3931 432 3982 p.
455 3915 505 3969 486
530 3915 546 3968 b
573 3917 606 3970 37
627 3933 681 3987 sqq.
714 3922 756 3969 καὶ
778 3919 934 3984 Θεόπομπος
956 3916 1053 3969 ὁΧῖος
1069 3918 1112 3966 καὶ
1125 3915 1264 3986 Ἔφοροςὸ

210 4001 337 4065 Κυμαῖος,
361 3994 461 4050 οἷσκαὶ
483 4002 541 4051 ταῖς
563 3996 706 4068 ἱστορικαῖς
729 4003 891 4072 συγγραφαῖς
913 3997 1096 4070 προύτρέψατο
1115 3998 1266 4070 χρήσασθαι

209 4080 275 4151 πρὸς
290 4079 339 4148 τὴν
356 4080 467 4131 ἑκάστου
483 4082 571 4150 φύσιν.
