2946 4602
702 207 739 271 11

310 370 425 453 κόσμον
452 373 550 447 Νίκας
577 397 610 435 τε
638 370 824 458 ὁλοχρύσους
851 371 986 453 πομπεΐιί
1014 398 1046 438 τε
1067 380 1173 460 χρυσᾶ
1199 376 1247 437 καί

310 471 429 557 ἀργυρᾶ
448 475 497 535 καί
519 470 635 554 κόσμον
651 479 791 558 χρυσοῦν
810 476 851 548 είς
872 473 900 558 ρ’
920 473 1119 560 κανηφόρους.

238 573 274 658 3)
313 575 542 658 χειροτονηθείς
575 572 607 635 δ’
635 574 683 637 ἰαί
713 580 770 658 τῆς
799 580 857 636 τοῦ
891 574 1027 654 πολέμου
1057 582 1251 659 παρασκευῆς

240 745 242 750 Ι
311 668 388 735 ὅπλα
424 673 480 752 μὲν
517 673 612 736 πολλὰ
650 677 699 737 καί
733 679 829 755 βελῶν
863 673 1017 759 μυριάδας
1053 674 1069 738 ί
1102 674 1250 758 ἀνήνεγκεν

309 775 350 846 εἷς
389 773 444 854 τὴν
478 772 647 857 ἀκρόπολιν,
683 775 705 838 υ’
740 775 772 837 δὲ
809 773 940 858 τριήρεις
973 777 1132 855 πλωίμους
1162 799 1250 838 κατε-

311 872 435 936 σκεύασε
466 875 521 948 τὰς
550 874 606 954 μὲν
636 874 835 948 ἰαισκευιίσας
863 874 919 949 τὰς
946 875 978 938 δὲ
1001 877 1032 950 ἐξ
1053 875 1151 961 ἀρχῆς
1177 901 1250 938 ναυ-

309 971 530 1057 πηγησάμενος.
588 1014 590 1019 .

233 1073 270 1159 4)
315 1073 391 1158 πρὸς
413 1074 445 1137 δὲ
468 1069 590 1150 τούτοις
611 1073 738 1161 ἡμίεργα
759 1077 945 1161 παραλαβὼν

275 1197 300 1238 a.
347 1171 421 1248 τοιίς
442 1199 474 1238 τε
495 1178 671 1250 νεωσοίκους

274 1280 301 1338 b.
344 1277 393 1337 καὶ
416 1274 472 1357 τὴν
494 1275 686 1359 σκευοθήκην

280 1397 304 1439 ο.
348 1377 397 1438 καί
431 1376 468 1439 τὸ
495 1375 631 1461 θέατρον
663 1378 700 1440 τὸ
724 1372 938 1439 Διονυσιακὸν
974 1373 1166 1460 ἐξειργάσατο
1201 1377 1249 1437 καὶ

345 1475 497 1539 ἐπετέλεσε

276 1582 302 1638 d.
346 1575 384 1638 τό
404 1601 437 1639 τε
459 1574 584 1640 στάδιον
605 1579 641 1641 τὸ
662 1576 901 1658 Παναθηναικὸν

280 1697 305 1739 θ.
349 1678 396 1738 καὶ
433 1679 469 1740 τὸ
496 1675 661 1759 γυμνάσιον
692 1674 736 1741 Ιτὸ
771 1675 852 1739 κατὰ
885 1674 1020 1738 Λύκειον
1052 1673 1250 1739 κατεσκεύασε

274 1805 279 1815 ·
338 1776 399 1859 (καί
448 1773 552 1850 ἄλλαις
594 1782 716 1852 πολλοῖς
757 1786 957 1851 κατασκευαῖς
999 1763 1162 1858 ίκόσμησί
1195 1779 1250 1859 τὴν

338 1874 448 1961 πόλιν).
554 1939 556 1943 ,

289 1983 408 2055 Exque
430 1983 541 2042 decretu
563 1983 702 2042 multain
729 1983 887 2042 contextum
923 1984 952 2041 et
986 1982 1184 2042 Plutereheum
1222 1985 1250 2041 et

190 2081 361 2141 Photianum
386 2083 528 2142 translate
549 2101 611 2142 esse
633 2102 696 2143 cum
717 2083 766 2142 alii
786 2084 846 2142 tum
868 2084 899 2141 G.
922 2083 1036 2142 (turtius
1057 2082 1158 2140 Philol.
1180 2084 1248 2141 tem.

191 2182 285 2241 XXIV
305 2200 333 2257 p.
355 2177 416 2243 261
445 2185 522 2244 reete
550 2185 763 2254 contenderunt,
791 2184 852 2257 ipse
880 2183 974 2256 paullo
997 2183 1072 2241 infra
1094 2183 1147 2241 hac
1162 2184 1196 2242 de
1218 2200 1249 2242 re

109 2300 112 2305 ’
191 2283 350 2340 accuratius
372 2284 509 2343 iudicabo.
552 2285 630 2354 Quae
652 2284 824 2343 Plutarehea
845 2300 972 2358 quaeque
986 2283 1127 2341 Photirna
1149 2283 1248 2356 singu·

190 2381 227 2438 lis
249 2383 354 2441 decreti
374 2385 504 2456 partibus
532 2385 711 2458 respondent,
733 2384 857 2442 numeris
879 2383 954 2442 illius
975 2385 1075 2443 notatu
1096 2383 1247 2442 seeundum

191 2482 315 2542 ordinem
328 2500 463 2557 propono.
491 2485 628 2542 Exstant:
1055 2473 1059 2479 ’

327 2582 402 2658 apud
422 2584 505 2642 Phot.
961 2583 1038 2657 apud
1057 2583 1133 2641 Plut.

402 2680 418 2742 1
435 2701 452 2742 u
1018 2680 1034 2742 1
1051 2700 1067 2740 a

399 2779 420 2842 3
1015 2779 1036 2844 3

1017 3178 1039 3241 4
1053 3198 1069 3239 e

1051 3299 1067 3339 ο

1016 3379 1033 3441 1
1050 3381 1068 3439 b

1013 3481 1033 3541 2

400 3578 421 3641 4
437 3599 454 3639 a
1014 3576 1035 3640 4
1050 3597 1068 3638 a

435 3682 453 3738 b
1044 3680 1063 3737 b

394 3766 397 3774 “
437 3782 455 3838 ο
1044 3780 1062 3836 u

275 3881 408 3939 Photium
428 3881 613 3954 antiquiorem
634 3881 757 3939 vitarum
784 3880 901 3952 stirpem
922 3878 1058 3951 praebere
1079 3878 1249 3937 Bellheime·

192 3997 241 4037 rus
269 3981 460 4039 demonstrare
491 3983 609 4052 studuit,
640 3999 724 4053 quum
750 3981 867 4054 stirpem
891 3980 931 4036 eis
952 3979 1080 4049 partibus
1102 3996 1174 4051 quae
1197 3979 1245 4036 de-
