2946 4602
652 211 694 275 25

243 381 351 451 Quibus
374 380 509 454 expositis
537 383 671 441 concedes
698 383 754 440 iam
775 381 888 440 titulum
910 381 987 440 illum
1011 379 1123 457 ταμίαν
1146 385 1201 460 τῆς

150 481 245 556 κοινῆς
273 474 428 559 προσόδου
457 481 568 551 infirma
596 483 764 541 auctoritate
791 482 910 542 defendi.
955 481 1010 540 sed
1031 485 1116 542 etiam
1138 483 1200 543 aliis

149 582 318 654 argumentis
339 581 410 639 illud
430 598 531 639 nomen
552 584 646 655 potest
667 583 834 656 impugnari,
850 583 967 654 primum
989 582 1042 642 hoc
1064 587 1121 643 est:
1145 601 1201 643 non

147 684 203 739 tam
221 681 415 738 inconstantes
441 682 530 762 fuisse
551 683 739 741 Athenienses
760 683 791 740 in
814 682 1027 754 magistratibus
1052 684 1197 758 adpellan-

136 782 197 851 ·dis,
223 781 254 838 ut
283 782 363 839 modo
391 783 575 854 quaestorem,
602 784 683 841 modo
705 783 877 856 praefectum
906 786 1048 855 vocarent,
1071 785 1101 842 id
1123 787 1197 858 quod

147 882 319 954 apertissime
339 882 404 940 inde
427 882 526 953 elucet,
553 884 627 955 quod
647 883 782 956 praefecti
808 882 988 954 pecuniarum
1014 885 1200 944 theoricarum

146 998 232 1054 neque
264 982 340 1054 apud
372 983 525 1054 scriptores
557 1000 645 1056 neque
676 985 706 1040 in
744 982 834 1041 titulis
865 1000 996 1056 umquam
1035 988 1199 1057 quaestores

146 1076 281 1161 (ταμίαι)
309 1083 498 1153 nominantur,
528 1084 578 1142 sed
603 1083 705 1156 ubique
728 1077 807 1162 ἀρχὴ
830 1079 877 1140 ἐπὶ
902 1084 946 1162 τῷ
968 1082 1116 1165 θεωρικῷ,
1149 1083 1198 1144 ἐπὶ

145 1181 188 1260 τῷ
207 1180 348 1262 θεωρικῷ
369 1173 409 1238 db
431 1183 491 1240 sim.
516 1180 567 1262 (cf.
588 1183 710 1253 Beeckh,
734 1183 798 1241 Oec.
822 1184 874 1240 civ.
902 1183 969 1240 Aah.
1003 1180 1088 1259 1²1).
1111 1181 1197 1267 249),

145 1298 205 1339 nam
237 1282 327 1355 magis
360 1283 421 1340 loco
458 1283 690 1355 dispensatorum,
725 1300 808 1356 quam
843 1282 990 1341 custodum
1025 1284 1199 1356 publicarum

143 1381 322 1454 pecuniarum
343 1399 453 1455 semper
474 1382 666 1454 habebantnr3
688 1399 778 1455 neque
798 1383 959 1456 epodectae,
981 1400 1051 1456 quos
1065 1387 1199 1457 pecunias

143 1483 251 1555 quidem
272 1483 303 1540 in
324 1483 453 1540 manibus
475 1483 607 1542 habuisse
628 1485 656 1541 et
677 1483 819 1556 accepisse
847 1484 875 1540 et
902 1483 1117 1556 dispensasisse,
1148 1487 1199 1546 sed

30 1589 32 1610 ¹
141 1600 290 1655 numquam
311 1584 450 1641 aerarium
472 1583 657 1642 custodivisse
685 1585 792 1641 certum
820 1578 909 1663 est1),
932 1601 1063 1657 umquam
1092 1583 1198 1660 ταμίαι

138 1683 228 1741 vocati
249 1678 353 1762 sunt.²)

237 1784 302 1842 Alia
323 1784 410 1858 igitur
432 1785 539 1842 ratione
566 1783 618 1840 Th.
641 1783 752 1842 Fellner
773 1783 792 1840 l.
815 1782 833 1840 l.
856 1801 883 1856 p.
906 1779 969 1844 433
991 1800 1052 1858 sqq.
1075 1785 1196 1846 difficuul·

137 1885 224 1942 tatem
239 1884 338 1943 tollere
352 1885 474 1955 studuit;
497 1884 649 1944 defendens
670 1883 1198 1946 enimtitulumindecretoconlocatnm

138 1985 282 2044 contendit
308 1984 402 2058 paullo
432 1986 497 2044 ante
521 1984 565 2042 01.
590 1981 658 2055 120,
690 1981 707 2042 1
744 1984 858 2043 titulum
889 1980 1000 2059 ταμίαν
1022 1986 1079 2061 τῆς
1099 1987 1198 2062 κοινῆς

138 2077 293 2163 προσόδου
315 2085 345 2143 in
368 2080 419 2143 τὸν
441 2080 489 2141 ἐπὶ
509 2085 549 2164 τῇ
572 2077 712 2162 διοικήσει
734 2087 932 2143 commutatum
947 2102 1018 2144 esse.
1061 2085 1115 2145 Sed
1128 2086 1197 2146 haec

139 2186 281 2245 sententia
313 2186 371 2244 iam
399 2202 449 2258 per
476 2201 507 2244 se
543 2202 600 2243 non
635 2186 705 2243 satis
743 2184 900 2244 verisimilis
936 2187 988 2256 est,
1030 2188 1128 2244 contra
1164 2203 1197 2245 en

140 2286 182 2344 eis
210 2303 281 2358 quae
307 2287 383 2360 apud
410 2286 512 2344 Aesch.
541 2287 572 2342 Π
601 2282 649 2366 (de
679 2285 743 2344 fals.
771 2284 839 2362 leg.)
874 2290 899 2357 ς.
930 2283 990 2346 149
1017 2305 1044 2360 p.
1072 2281 1135 2347 315
1162 2286 1197 2343 de

243 2519 268 2586 1)
284 2518 314 2572 cf.
325 2519 443 2582 Boechh,
453 2518 498 2588 qui
513 2518 690 2574 rectedocetl.
700 2517 718 2572 l.
736 2535 760 2586 p.
778 2519 839 2571 215:
857 2516 910 2580 „sie
924 2517 1016 2571 hatten
1025 2517 1099 2572 keine
1116 2518 1197 2580 hesse,

140 2599 189 2654 auf
202 2601 295 2656 welche
313 2600 460 2656 bestimmte
476 2602 572 2671 zweige
593 2601 638 2655 der
655 2599 831 2655 staatshosten
853 2598 1014 2667 angewiesen
1030 2614 1115 2654 waren
1139 2644 1144 2655 .
1163 2643 1169 2655 .
1188 2638 1195 2652 .

139 2683 177 2737 sie
194 2683 387 2738 iiberschrieben
407 2700 457 2736 nur
476 2683 523 2738 das
545 2683 753 2751 eingclrommene
776 2681 837 2751 geld
854 2680 904 2734 den
922 2682 1021 2744 kassen,
1039 2679 1093 2733 und
1109 2681 1196 2735 inwie·

137 2765 194 2820 fern
216 2765 257 2820 die
280 2765 428 2833 austeilung
449 2765 494 2820 der
514 2765 604 2834 gelder·
626 2782 660 2819 an
681 2764 723 2818 die
746 2763 878 2818 einzelnen
903 2763 995 2817 kasseh
1012 2763 1087 2817 nicht
1103 2762 1195 2816 immer

136 2847 206 2903 beim
223 2847 359 2919 emptange
376 2846 459 2902 selber
473 2848 618 2917 geschehen
635 2847 738 2909 honnte,
764 2847 863 2900 musste
880 2846 922 2900 bei
937 2846 1023 2908 ihnen,
1040 2845 1087 2898 wir
1104 2845 1196 2899 missen

134 2931 212 2985 nicht
235 2946 281 2994 wo,
307 2929 438 2984 vielleicht
454 2930 491 2982 im
507 2930 636 2993 rathause,
654 2928 863 2998 voriubergchend
885 2928 946 2997 geld
965 2928 1051 2998 liegen
1071 2928 1197 2984 bleihen.“

134 3012 169 3067 G.
185 3012 336 3076 Loeschcke,
353 3013 393 3066 De
410 3012 496 3066 titulis
512 3012 611 3081 aliquot
635 3011 732 3066 Atticis
752 3013 863 3080 quaesti.
882 3011 1019 3065 historicae
1036 3010 1096 3065 diss.
1113 3010 1196 3066 Bonn.

137 3096 205 3149 1876
227 3113 252 3164 p.
277 3096 301 3150 7.
336 3095 383 3150 Th.
400 3094 510 3157 Fellner,
532 3094 549 3149 l.
571 3094 588 3147 l.
612 3113 636 3163 p.
660 3095 716 3150 404.
739 3094 828 3148 Minus
848 3096 917 3148 recte
939 3096 1029 3149 contra
1054 3092 1198 3162 disputavit

133 3177 158 3229 Ι.
175 3176 271 3240 Christ,
289 3177 327 3230 De
343 3176 453 3245 publicis
472 3176 562 3245 populi
582 3177 748 3232 Atheniensis
768 3176 912 3231 rationibus
930 3194 995 3233 saec.
1013 3193 1035 3232 a.
1053 3176 1100 3232 ch.
1117 3176 1149 3228 V.
1169 3177 1195 3229 et

135 3259 182 3315 lV.
200 3258 274 3325 (Pars
290 3259 372 3328 prior:
398 3275 462 3314 saec.
488 3259 530 3323 V.)
557 3259 617 3313 diss.
643 3259 786 3328 Gryphisw.
813 3260 878 3314 1879
894 3277 920 3328 p.
939 3262 971 3315 16
993 3275 1038 3327 sq,
1055 3257 1195 3328 apodectae

134 3341 206 3394 enim
222 3358 274 3396 non
291 3357 321 3396 en
338 3344 407 3396 certo
423 3341 520 3396 aerario
537 3340 641 3395 sedeas
658 3340 850 3410 quaeredibant
866 3341 989 3409 pecunias
1006 3340 1193 3410 dispensavisse

134 3422 263 3480 videntur.

235 3508 262 3574 2)
289 3511 385 3574 Ταμιον
412 3523 472 3560 voce
502 3506 621 3573 quaestor
643 3503 811 3572 significatum,
834 3503 879 3572 qui
908 3504 1029 3574 pecunias
1059 3501 1196 3556 mandatas

135 3588 297 3643 custodiebat
306 3591 384 3658 atque
406 3606 436 3643 ex
451 3588 488 3643 eis
504 3589 551 3642 aut
566 3585 656 3655 populi
672 3587 718 3638 ant
734 3586 839 3639 senatus
857 3588 903 3638 aut
921 3585 984 3649 eius,
1001 3585 1044 3638 cui
1059 3583 1196 3639 adiunctus

134 3673 200 3736 erat,
224 3671 395 3740 magistratum
411 3671 483 3725 iussu
500 3669 568 3739 quod
584 3668 717 3723 decretum
734 3669 790 3721 erat
807 3666 923 3720 solvebat
946 3668 1045 3735 (ταμίαι
1062 3671 1106 3730 τῆς
1124 3665 1194 3722 θεοῦ,

133 3772 157 3803 τ.
180 3758 236 3805 τῶν
258 3750 345 3804 ἄλλων
362 3752 438 3805 θεῶν.
459 3757 550 3820 ταμίαι
573 3757 617 3817 τῆς
627 3746 727 3814 βουλῆς.
751 3753 844 3816 ταμίας
860 3753 907 3801 τοῦ
916 3745 1006 3816 δήμου.
1029 3749 1120 3814 ταμίαι
1143 3763 1196 3801 nra·

132 3834 294 3904 gistratuum
310 3837 359 3889 cet.
379 3835 485 3889 verbum
505 3836 546 3889 est
561 3835 694 3901 ταμιεύειν
716 3830 748 3885 cf.
769 3831 799 3884 C.
816 3831 837 3884 I.
855 3831 886 3883 A.
903 3832 924 3883 Ι.
941 3831 975 3884 32
996 3828 1099 3896 Ussing,
1116 3827 1195 3882 Inscr.

133 3917 179 3973 Gr.
195 3916 263 3971 ined.
276 3919 330 3986 48);
358 3919 385 3970 et
401 3917 538 3986 praelectis
558 3914 731 3969 theoricamm
753 3912 921 3982 pecuniarum
937 3912 965 3965 et
980 3907 1120 3979 apodectis,
1137 3925 1193 3962 non

131 4000 189 4053 tam
205 3996 383 4068 quaestoribus
399 4015 476 4068 quam
492 3997 719 4066 dispensatoribus,
738 3995 821 4050 maior
836 3995 956 4063 potestas
973 3994 1029 4046 erat
1046 3989 1154 4044 tributa.
