2946 4602
782 186 823 251 28

272 359 312 418 rei
339 358 415 432 publ.
443 374 503 431 ger.
533 353 573 417 15
602 358 635 416 de
663 356 774 415 Eubnlo
802 350 864 412 ἀλλ’
896 353 943 414 ou
983 352 1022 414 τὰ
1051 350 1202 436 χρήματα
1238 353 1333 429 τάξας

273 451 381 516 ἑαυτὸν
409 449 521 534 ηὔξησε
547 453 603 526 τὰς
628 453 727 524 κοινὰς
758 448 930 535 προσόδους
955 457 1020 515 κτλ.
1079 458 1184 532 Theop.
1215 459 1251 516 fr.
1280 455 1331 519 95.

272 578 317 634 ap.
346 559 513 632 Harpocrat.
549 575 571 615 s.
600 575 625 615 v.
657 548 826 631 Εὔβουλος·
853 600 859 614 .
885 601 892 614 .
918 601 924 614 .
950 601 957 614 .
986 551 1132 637 ἀργύριόν
1154 577 1193 615 re
1223 555 1333 635 συχνὸν

273 654 403 738 πορίζων
429 657 494 715 κτλ.
537 658 639 716 Aescb.
675 659 706 714 Π
741 657 776 715 de
810 657 873 714 fals
910 657 965 731 lag.
996 662 1021 730 θ.
1054 654 1114 718 149
1142 677 1169 732 p.
1199 655 1262 719 315
1299 662 1334 717 de

272 758 418 832 Aphobeto
440 757 528 816 fratre
550 757 647 825 καλῶς
669 752 701 814 δὲ
722 753 769 813 καὶ
800 752 920 824 δικαίως
945 758 1006 815 τῶν
1032 750 1187 836 δμιτίρωι
1217 751 1334 838 προσό-

273 856 333 916 δων
362 853 564 933 ἐπιμεληθεὶς,
596 849 644 914 ὅτε
672 851 765 914 αὐτὸν
787 852 835 912 ἐπὶ
858 851 913 932 τὴν
932 851 1189 936 κοιιὴιιδιοίκησιι
1211 856 1330 916 clleo-tc

273 955 359 1039 (quae
384 957 460 1014 Plut.
487 959 585 1016 Praec.
613 958 655 1016 rei
681 958 757 1029 publ.
785 973 845 1031 ger.
875 954 917 1018 25
946 958 1082 1030 perhibet,
1113 958 1149 1016 ad
1180 958 1334 1018 Demadem

273 1058 446 1133 praelectum
467 1057 648 1131 pecuniarum
668 1058 856 1116 theoricarum
869 1058 1010 1130 pertinere
1023 1059 1182 1118 Boeckbius
1197 1058 1263 1117 Oec.
1281 1060 1334 1117 clv.

272 1158 340 1217 Ath.
362 1154 405 1214 1²
426 1153 488 1218 229
509 1159 585 1215 recte
607 1158 676 1215 vidit
697 1157 734 1214 cf.
756 1158 790 1215 A.
813 1158 945 1216 Schaefor
958 1158 977 1214 l.
999 1156 1017 1215 l.
1040 1159 1093 1228 III,
1118 1156 1146 1228 1,
1171 1154 1233 1219 194
1246 1177 1276 1218 ιι.
1292 1156 1333 1233 2).

273 1260 379 1333 Hyper.
402 1259 436 1316 fr.
459 1277 481 1317 s.
504 1257 524 1315 l.
546 1254 673 1334 ταχθεὶς
700 1252 732 1314 δὲ
762 1253 810 1313 ἐπὶ
839 1259 880 1336 τῇ
909 1249 1049 1334 διοικήσει
1078 1258 1138 1314 τῶν
1161 1252 1336 1336 χρημάτων

273 1344 338 1438 εὗρε
364 1350 487 1437 πόρους.
531 1358 607 1431 Ergo
629 1358 658 1415 et
679 1374 712 1416 er
733 1359 843 1416 nomine
866 1358 923 1414 τοῦ
944 1353 991 1413 ἐπὶ
1016 1359 1056 1436 τῇ
1078 1351 1218 1434 διοικήσει
1247 1361 1277 1416 et
1300 1377 1334 1416 ex

274 1460 314 1518 eis
344 1475 414 1532 quos
436 1458 583 1517 attulimus
609 1458 678 1515 locis
711 1457 833 1516 efficitur
861 1457 939 1515 illum
966 1458 1164 1530 magIstratum
1195 1475 1333 1517 summam

255 1559 411 1632 ¹redituum
432 1575 526 1617 curam
547 1559 632 1630 atque
655 1558 809 1616 custodiam
831 1558 963 1616 habuisse
990 1559 1074 1630 atque
1093 1558 1122 1615 id
1143 1560 1335 1631 prospexisse,

273 1660 306 1716 ut
326 1659 433 1717 reditus
456 1659 484 1716 et
505 1675 589 1731 quam
610 1658 723 1716 maximi
748 1660 916 1730 pararentur
937 1659 967 1716 et
988 1659 1140 1731 prudenter
1162 1661 1247 1731 atque
1269 1662 1335 1732 apte

274 1759 512 1832 expenderentur;
545 1775 601 1816 non
629 1774 766 1816 summum
795 1759 884 1816 fuisse
916 1759 1092 1831 quaestorem
1124 1775 1214 1831 neque
1241 1759 1335 1832 ipsum

273 1858 430 1931 praefuisse
472 1859 588 1929 aerario,
632 1858 682 1916 sed
722 1858 893 1931 reliquorum
928 1859 1144 1931 magistratuum
1186 1859 1335 1930 fiscalium,

275 1958 412 2032 imprimis
456 1959 653 2032 apodectarum
688 1959 771 2032 quasi
804 1959 1019 2032 gubernatorem
1062 1960 1146 2031 atque
1180 1959 1335 2029 custodem,

275 2075 410 2117 summam
445 2058 782 2117 administrationis
811 2059 992 2130 pecuniarum
1015 2053 1217 2136 obtinuisso1).
1246 2058 1335 2116 Cuius

275 2159 419 2218 custodiae
447 2159 602 2232 exemplum
629 2156 764 2216 habemus
792 2158 823 2214 in
853 2157 937 2217 titulo
959 2156 1059 2215 murali
1086 2157 1122 2216 ab
1144 2158 1177 2215 Ο.
1199 2157 1335 2216 Muellero

274 2259 305 2317 in
333 2260 529 2319 Commentatt.
564 2276 619 2317 soc.
654 2258 780 2331 Gottiug.
810 2258 863 2316 vol.
892 2258 963 2317 VIII
1007 2254 1088 2319 1836
1122 2259 1254 2329 tractato,
1285 2259 1337 2331 qui
1435 2315 1436 2318 ,

275 2376 349 2418 nunc
370 2361 464 2418 exstat
495 2360 525 2417 0.
548 2361 572 2416 Ι.
593 2358 628 2417 Α.
649 2359 689 2429 Π,
713 2354 729 2417 1
756 2353 825 2429 167,
853 2373 926 2416 οιιιιο
955 2358 997 2416 Ol.
1030 2352 1099 2429 118,
1129 2355 1149 2418 2
1179 2359 1336 2431 posteriore

277 2457 325 2537 (cf.
352 2460 387 2518 A.
410 2460 542 2518 SchaoIer
567 2458 667 2518 Philol.
694 2458 735 2515 IX
757 2475 784 2530 p.
810 2452 879 2518 165.
905 2457 935 2518 0.
956 2456 1151 2529 Wacbsmutb,
1181 2459 1225 2516 dio
1256 2459 1337 2516 stadt
1392 2491 1394 2498 ι

275 2560 429 2620 Athenin
451 2561 583 2619 alterium
604 2560 619 2615 I
648 2553 710 2620 616
731 2576 759 2615 n.
782 2553 810 2616 2.
834 2556 957 2616 Koehlar
977 2557 1012 2614 ad
1035 2558 1066 2615 (1.
1082 2559 1104 2615 I.
1120 2558 1156 2615 A.
1170 2559 1208 2628 ΙΙ,
1234 2557 1248 2620 l
1268 2559 1334 2616 add.

275 2661 304 2718 et
326 2678 396 2719 corr.
419 2655 506 2721 411.

374 2760 434 2831 Quo
458 2657 569 2820 clereto
585 2759 746 2817 Habronem
768 2751 820 2814 τὸν
842 2753 890 2814 ἐπὶ
913 2758 953 2836 τῇ
969 2751 1109 2832 διοικήσει
1130 2757 1231 2830 poletis
1252 2758 1337 2830 quasi

276 2862 420 2919 custodem
441 2861 603 2919 adiunctum
624 2859 712 2918 fuisse
735 2852 903 2932 suspicorl),
926 2874 987 2915 cum
1010 2874 1083 2916 saec.
1106 2875 1132 2915 a.
1152 2857 1202 2914 Oh.
1227 2857 1336 2931 qulnto,

280 2993 577 3001 ————

376 3053 401 3117 1)
419 3050 450 3105 cf.
460 3067 524 3120 quae
533 3052 673 3107 rectissime
690 3049 952 3120 exposuissejvidemr
968 3051 1158 3106 Schoemannus
1175 3049 1218 3105 Gr.
1235 3051 1287 3103 Ast
1313 3050 1335 3106 L

276 3151 301 3202 p.
318 3134 368 3187 444
390 3149 434 3202 sq,
456 3133 544 3187 sedis
567 3151 619 3187 non
640 3137 708 3188 recte
730 3137 771 3199 τῷ
792 3136 836 3184 ἐπὶ
857 3138 889 3202 τῇ
911 3129 1033 3199 διοικήσει
1056 3149 1184 3186 summum
1204 3132 1335 3186 aerarium

276 3231 375 3285 quoque
383 3215 513 3269 tribuens:
532 3215 613 3278 „duan
630 3215 798 3270 abersoheint
815 3231 842 3269 er
858 3214 924 3267 auch
937 3214 1335 3283 eineallgemeineoberaufsicht

277 3297 339 3350 tiber
355 3295 405 3351 alle
422 3295 568 3366 diejenigen
585 3298 682 3366 gehabt
699 3315 731 3351 au
746 3297 838 3360 haben,
848 3296 943 3351 welche
960 3296 1132 3365 staatsgelder
1148 3297 1333 3350 eiuznnehmen

277 3377 338 3433 oder
353 3395 387 3433 zu
402 3379 578 3448 verausgaben
593 3380 693 3444 hatten,
710 3378 765 3433 und
781 3381 858 3433 nnter
874 3378 940 3432 allen
951 3378 1156 3433 finanzbeamten
1172 3378 1218 3432 der
1234 3377 1335 3446 einzige

276 3477 393 3530 genesen
410 3477 443 3514 zu
459 3460 639 3525 sein,welcher
649 3463 689 3516 die
706 3461 880 3529 vollstdndige
897 3460 1027 3514 iibersicht
1043 3461 1106 3515 fiber
1122 3460 1163 3514 die
1180 3459 1334 3514 einnahmen

276 3542 330 3597 und
346 3543 477 3613 ausgabeu
493 3542 580 3598 besass
595 3543 648 3597 und
664 3543 798 3613 deswegeu
814 3543 850 3596 im
868 3541 958 3597 stende
976 3558 1029 3596 war
1046 3588 1052 3598 .
1071 3583 1077 3595 .
1096 3586 1102 3598 .
1121 3584 1127 3597 .
1153 3542 1202 3597 den
1220 3544 1276 3596 etet
1292 3541 1335 3594 fiir

281 3624 330 3680 den
351 3628 511 3695 gesammten
534 3625 740 3680 staatsbaushult
761 3642 793 3680 zu
814 3624 961 3688 entwerfen,
984 3641 1011 3678 so
1033 3625 1092 3678 dass
1113 3640 1141 3679 er
1162 3624 1201 3678 als
1216 3624 1272 3678 eine
1289 3626 1332 3676 art

278 3725 328 3763 von
350 3708 554 3762 flnaumnInister
574 3707 632 3775 (vel
650 3711 681 3762 ut
698 3724 755 3762 cum
773 3707 890 3762 Fellnero
911 3708 995 3776 pes?
1011 3706 1125 3769 dinenm,
1143 3706 1335 3770 „oberbeamter

277 3789 639 3859 desverrechnungswesens“)
646 3790 691 3844 des
700 3789 866 3843 athenischen
875 3791 973 3843 stactes
982 3789 1126 3843 botrachtet
1134 3788 1235 3843 werden
1241 3788 1335 3841 kann.“

377 3874 403 3939 2)
419 3873 551 3940 Legunter
572 3871 601 3927 C.
617 3871 637 3926 Ι.
655 3871 685 3926 Α,
703 3871 730 3924 II
758 3873 804 3926 167
827 3887 850 3924 v.
867 3873 907 3926 35.
925 3873 965 3926 36.
984 3901 1016 3909 -
1033 3901 1066 3909 -
1082 3871 1093 3940 ]
1111 3868 1138 3921 οἱ
1154 3867 1272 3934 colorat
1290 3874 1334 3920 καὶ

277 3954 291 4005 ὁ
310 3955 352 4004 ἐπὶ
369 3960 401 4024 τῇ
418 3951 540 4020 διοικήσει
551 3953 664 4023 Ἅβρω[ιι
681 3952 847 4024 Λυκ]ούργου
865 3950 1026 4022 Βοοτ[α’]δης
1043 3981 1117 3991 --
